<?xml version="1.0" encoding="UTF-8"?>
<!DOCTYPE html PUBLIC "-//W3C//DTD XHTML 1.0 Transitional//EN"
    "http://www.w3.org/TR/xhtml1/DTD/xhtml1-transitional.dtd">
<html xmlns="http://www.w3.org/1999/xhtml" xml:lang="en" lang="en">
 <head>
  <title>
</title>
<meta http-equiv="Content-Type" content="text/html;charset=utf-8" />
  <meta name='ocr-system' content='tesseract 3.04.00' />
  <meta name='ocr-capabilities' content='ocr_page ocr_carea ocr_par ocr_line ocrx_word'/>
</head>
<body>
  <div class='ocr_page' id='page_1' title='image "./historiadiploma06fredgoog_0337.png"; bbox 0 0 4382 5946; ppageno 0'>
   <div class='ocr_carea' id='block_1_1' title="bbox 508 458 1918 544">
    <p class='ocr_par' dir='ltr' id='par_1_1' title="bbox 508 458 1918 544">
     <span class='ocr_line' id='line_1_1' title="bbox 508 458 1918 544; baseline 0.003 -18"><span class='ocrx_word' id='word_1_1' title='bbox 508 464 569 526; x_wconf 86' lang='grc'><strong>318</strong></span> <span class='ocrx_word' id='word_1_2' title='bbox 1007 458 1223 522; x_wconf 70' lang='grc'><strong>11111111111161</strong></span> <span class='ocrx_word' id='word_1_3' title='bbox 1250 461 1426 525; x_wconf 82' lang='lat' dir='ltr'><strong>sttcttuttt</strong></span> <span class='ocrx_word' id='word_1_4' title='bbox 1727 466 1812 544; x_wconf 72' lang='lat' dir='ltr'><strong>[due.</strong></span> <span class='ocrx_word' id='word_1_5' title='bbox 1831 467 1918 530; x_wconf 77' lang='grc'><strong>1214.</strong></span> 
     </span>
    </p>
   </div>
   <div class='ocr_carea' id='block_1_2' title="bbox 509 593 1927 2930">
    <p class='ocr_par' dir='ltr' id='par_1_2' title="bbox 509 593 1927 2930">
     <span class='ocr_line' id='line_1_2' title="bbox 512 593 1917 696; baseline 0.005 -26"><span class='ocrx_word' id='word_1_6' title='bbox 512 619 516 628; x_wconf 81' lang='grc'>’</span> <span class='ocrx_word' id='word_1_7' title='bbox 558 595 787 686; x_wconf 87' lang='lat' dir='ltr'><strong>Ludewious‚</strong></span> <span class='ocrx_word' id='word_1_8' title='bbox 815 594 879 668; x_wconf 90' lang='lat' dir='ltr'><strong>Dei</strong></span> <span class='ocrx_word' id='word_1_9' title='bbox 905 593 1016 688; x_wconf 80' lang='lat' dir='ltr'><strong>gratia</strong></span> <span class='ocrx_word' id='word_1_10' title='bbox 1040 593 1211 688; x_wconf 88' lang='lat' dir='ltr'><strong>palatinus</strong></span> <span class='ocrx_word' id='word_1_11' title='bbox 1233 617 1349 672; x_wconf 89' lang='lat' dir='ltr'><strong>eomes</strong></span> <span class='ocrx_word' id='word_1_12' title='bbox 1374 596 1485 671; x_wconf 80' lang='lat' dir='ltr'><strong>Rheni</strong></span> <span class='ocrx_word' id='word_1_13' title='bbox 1509 594 1563 693; x_wconf 85' lang='lat' dir='ltr'><strong>(l)</strong></span> <span class='ocrx_word' id='word_1_14' title='bbox 1587 605 1623 671; x_wconf 92' lang='lat' dir='ltr'><strong>et</strong></span> <span class='ocrx_word' id='word_1_15' title='bbox 1649 597 1726 672; x_wconf 85' lang='lat' dir='ltr'><strong>dux</strong></span> <span class='ocrx_word' id='word_1_16' title='bbox 1753 602 1917 696; x_wconf 85' lang='lat' dir='ltr'><strong>Bavarie,</strong></span> 
     </span>
     <span class='ocr_line' id='line_1_3' title="bbox 509 717 1920 820; baseline 0 -22"><span class='ocrx_word' id='word_1_17' title='bbox 509 722 672 798; x_wconf 92' lang='lat' dir='ltr'><strong>omnibus</strong></span> <span class='ocrx_word' id='word_1_18' title='bbox 697 721 733 792; x_wconf 92' lang='lat' dir='ltr'><strong>iu</strong></span> <span class='ocrx_word' id='word_1_19' title='bbox 760 727 967 815; x_wconf 89' lang='lat' dir='ltr'><strong>perpetuum</strong></span> <span class='ocrx_word' id='word_1_20' title='bbox 989 717 1096 810; x_wconf 88' lang='lat' dir='ltr'><strong>hujus</strong></span> <span class='ocrx_word' id='word_1_21' title='bbox 1119 719 1236 816; x_wconf 85' lang='lat' dir='ltr'><strong>scripti</strong></span> <span class='ocrx_word' id='word_1_22' title='bbox 1262 720 1386 794; x_wconf 86' lang='lat' dir='ltr'><strong>seriem</strong></span> <span class='ocrx_word' id='word_1_23' title='bbox 1412 720 1616 816; x_wconf 86' lang='lat' dir='ltr'><strong>inspecturis</strong></span> <span class='ocrx_word' id='word_1_24' title='bbox 1639 730 1674 796; x_wconf 90' lang='lat' dir='ltr'><strong>et</strong></span> <span class='ocrx_word' id='word_1_25' title='bbox 1695 726 1920 820; x_wconf 88' lang='lat' dir='ltr'><strong>comperturis</strong></span> 
     </span>
     <span class='ocr_line' id='line_1_4' title="bbox 510 841 1921 944; baseline 0 -22"><span class='ocrx_word' id='word_1_26' title='bbox 510 848 657 922; x_wconf 88' lang='lat' dir='ltr'><strong>salutem</strong></span> <span class='ocrx_word' id='word_1_27' title='bbox 676 855 710 918; x_wconf 91' lang='lat' dir='ltr'><strong>et</strong></span> <span class='ocrx_word' id='word_1_28' title='bbox 727 865 830 916; x_wconf 90' lang='lat' dir='ltr'><strong>omne</strong></span> <span class='ocrx_word' id='word_1_29' title='bbox 847 841 991 916; x_wconf 90' lang='lat' dir='ltr'><strong>bouum.</strong></span> <span class='ocrx_word' id='word_1_30' title='bbox 1009 841 1095 914; x_wconf 90' lang='lat' dir='ltr'><strong>Cum</strong></span> <span class='ocrx_word' id='word_1_31' title='bbox 1111 864 1179 916; x_wconf 92' lang='lat' dir='ltr'><strong>uon</strong></span> <span class='ocrx_word' id='word_1_32' title='bbox 1192 843 1268 917; x_wconf 87' lang='lat' dir='ltr'><strong>sine</strong></span> <span class='ocrx_word' id='word_1_33' title='bbox 1279 866 1386 917; x_wconf 88' lang='lat' dir='ltr'><strong>causa</strong></span> <span class='ocrx_word' id='word_1_34' title='bbox 1397 844 1509 938; x_wconf 85' lang='lat' dir='ltr'><strong>judex</strong></span> <span class='ocrx_word' id='word_1_35' title='bbox 1523 845 1680 938; x_wconf 80' lang='lat' dir='ltr'><strong>gladium</strong></span> <span class='ocrx_word' id='word_1_36' title='bbox 1693 857 1817 944; x_wconf 91' lang='lat' dir='ltr'><strong>portet,</strong></span> <span class='ocrx_word' id='word_1_37' title='bbox 1834 849 1921 922; x_wconf 82' lang='lat' dir='ltr'><strong>eoba</strong></span> 
     </span>
     <span class='ocr_line' id='line_1_5' title="bbox 512 965 1921 1068; baseline 0.001 -24"><span class='ocrx_word' id='word_1_38' title='bbox 512 993 575 1046; x_wconf 91' lang='lat' dir='ltr'><strong>nos</strong></span> <span class='ocrx_word' id='word_1_39' title='bbox 594 969 754 1044; x_wconf 88' lang='lat' dir='ltr'><strong>convenit</strong></span> <span class='ocrx_word' id='word_1_40' title='bbox 772 967 834 1064; x_wconf 90' lang='lat' dir='ltr'><strong>qui</strong></span> <span class='ocrx_word' id='word_1_41' title='bbox 853 965 971 1062; x_wconf 82' lang='lat' dir='ltr'><strong>gladio</strong></span> <span class='ocrx_word' id='word_1_42' title='bbox 989 966 1163 1060; x_wconf 79' lang='lat' dir='ltr'><strong>cingimur</strong></span> <span class='ocrx_word' id='word_1_43' title='bbox 1177 967 1273 1062; x_wconf 93' lang='lat' dir='ltr'><strong>quod</strong></span> <span class='ocrx_word' id='word_1_44' title='bbox 1287 969 1384 1041; x_wconf 90' lang='lat' dir='ltr'><strong>illum</strong></span> <span class='ocrx_word' id='word_1_45' title='bbox 1401 967 1448 1042; x_wconf 87' lang='lat' dir='ltr'><strong>ad</strong></span> <span class='ocrx_word' id='word_1_46' title='bbox 1462 968 1681 1044; x_wconf 93' lang='lat' dir='ltr'><strong>militandum</strong></span> <span class='ocrx_word' id='word_1_47' title='bbox 1694 993 1832 1045; x_wconf 90' lang='lat' dir='ltr'><strong>summo</strong></span> <span class='ocrx_word' id='word_1_48' title='bbox 1848 974 1921 1068; x_wconf 74' lang='lat' dir='ltr'><strong>regi</strong></span> 
     </span>
     <span class='ocr_line' id='line_1_6' title="bbox 511 1089 1921 1189; baseline 0.001 -21"><span class='ocrx_word' id='word_1_49' title='bbox 511 1097 547 1168; x_wconf 94' lang='lat' dir='ltr'><strong>in</strong></span> <span class='ocrx_word' id='word_1_50' title='bbox 567 1093 768 1168; x_wconf 79' lang='lat' dir='ltr'><strong>defensione</strong></span> <span class='ocrx_word' id='word_1_51' title='bbox 786 1091 975 1165; x_wconf 88' lang='lat' dir='ltr'><strong>viduarum</strong></span> <span class='ocrx_word' id='word_1_52' title='bbox 991 1099 1026 1162; x_wconf 92' lang='lat' dir='ltr'><strong>et</strong></span> <span class='ocrx_word' id='word_1_53' title='bbox 1044 1089 1266 1186; x_wconf 89' lang='lat' dir='ltr'><strong>pupillorum,</strong></span> <span class='ocrx_word' id='word_1_54' title='bbox 1286 1101 1321 1166; x_wconf 90' lang='lat' dir='ltr'><strong>et</strong></span> <span class='ocrx_word' id='word_1_55' title='bbox 1336 1092 1499 1188; x_wconf 86' lang='lat' dir='ltr'><strong>precipue</strong></span> <span class='ocrx_word' id='word_1_56' title='bbox 1516 1093 1552 1164; x_wconf 92' lang='lat' dir='ltr'><strong>iu</strong></span> <span class='ocrx_word' id='word_1_57' title='bbox 1572 1095 1784 1189; x_wconf 88' lang='lat' dir='ltr'><strong>protectione</strong></span> <span class='ocrx_word' id='word_1_58' title='bbox 1806 1106 1921 1169; x_wconf 85' lang='lat' dir='ltr'><strong>sancte</strong></span> 
     </span>
     <span class='ocr_line' id='line_1_7' title="bbox 511 1215 1922 1316; baseline 0 -22"><span class='ocrx_word' id='word_1_59' title='bbox 511 1220 573 1295; x_wconf 90' lang='lat' dir='ltr'><strong>Dei</strong></span> <span class='ocrx_word' id='word_1_60' title='bbox 590 1219 742 1293; x_wconf 86' lang='lat' dir='ltr'><strong>Ecclesia</strong></span> <span class='ocrx_word' id='word_1_61' title='bbox 759 1227 794 1291; x_wconf 91' lang='lat' dir='ltr'><strong>et</strong></span> <span class='ocrx_word' id='word_1_62' title='bbox 811 1217 1049 1312; x_wconf 80' lang='lat' dir='ltr'><strong>religiosarum</strong></span> <span class='ocrx_word' id='word_1_63' title='bbox 1076 1215 1277 1305; x_wconf 88' lang='lat' dir='ltr'><strong>domorum,</strong></span> <span class='ocrx_word' id='word_1_64' title='bbox 1299 1217 1511 1312; x_wconf 89' lang='lat' dir='ltr'><strong>accepimus,</strong></span> <span class='ocrx_word' id='word_1_65' title='bbox 1532 1226 1568 1290; x_wconf 93' lang='lat' dir='ltr'><strong>et</strong></span> <span class='ocrx_word' id='word_1_66' title='bbox 1584 1217 1614 1290; x_wconf 87' lang='lat' dir='ltr'><strong>ei</strong></span> <span class='ocrx_word' id='word_1_67' title='bbox 1632 1219 1822 1314; x_wconf 90' lang='lat' dir='ltr'><strong>aliquando</strong></span> <span class='ocrx_word' id='word_1_68' title='bbox 1839 1243 1922 1316; x_wconf 89' lang='lat' dir='ltr'><strong>per-</strong></span> 
     </span>
     <span class='ocr_line' id='line_1_8' title="bbox 511 1341 1923 1442; baseline 0.001 -26"><span class='ocrx_word' id='word_1_69' title='bbox 511 1365 629 1442; x_wconf 84' lang='lat' dir='ltr'><strong>peram</strong></span> <span class='ocrx_word' id='word_1_70' title='bbox 655 1341 789 1438; x_wconf 89' lang='lat' dir='ltr'><strong>aliquid</strong></span> <span class='ocrx_word' id='word_1_71' title='bbox 816 1341 952 1438; x_wconf 76' lang='lat' dir='ltr'><strong>agendo</strong></span> <span class='ocrx_word' id='word_1_72' title='bbox 973 1363 1015 1416; x_wconf 89' lang='lat' dir='ltr'><strong>eo</strong></span> <span class='ocrx_word' id='word_1_73' title='bbox 1033 1341 1222 1434; x_wconf 84' lang='lat' dir='ltr'><strong>abutimur,</strong></span> <span class='ocrx_word' id='word_1_74' title='bbox 1241 1341 1359 1414; x_wconf 88' lang='lat' dir='ltr'><strong>studio</strong></span> <span class='ocrx_word' id='word_1_75' title='bbox 1384 1342 1519 1437; x_wconf 88' lang='lat' dir='ltr'><strong>pietatis</strong></span> <span class='ocrx_word' id='word_1_76' title='bbox 1545 1363 1729 1418; x_wconf 80' lang='lat' dir='ltr'><strong>excessum</strong></span> <span class='ocrx_word' id='word_1_77' title='bbox 1754 1345 1923 1440; x_wconf 80' lang='lat' dir='ltr'><strong>porrigere</strong></span> 
     </span>
     <span class='ocr_line' id='line_1_9' title="bbox 512 1465 1924 1562; baseline -0.001 -17"><span class='ocrx_word' id='word_1_78' title='bbox 512 1469 693 1545; x_wconf 91' lang='lat' dir='ltr'><strong>debemus.</strong></span> <span class='ocrx_word' id='word_1_79' title='bbox 713 1467 798 1542; x_wconf 94' lang='lat' dir='ltr'><strong>lude</strong></span> <span class='ocrx_word' id='word_1_80' title='bbox 817 1467 981 1562; x_wconf 89' lang='lat' dir='ltr'><strong>estquod</strong></span> <span class='ocrx_word' id='word_1_81' title='bbox 999 1465 1087 1540; x_wconf 91' lang='lat' dir='ltr'><strong>scire</strong></span> <span class='ocrx_word' id='word_1_82' title='bbox 1105 1467 1268 1540; x_wconf 87' lang='lat' dir='ltr'><strong>volumus</strong></span> <span class='ocrx_word' id='word_1_83' title='bbox 1287 1466 1546 1540; x_wconf 88' lang='lat' dir='ltr'><strong>universitatem</strong></span> <span class='ocrx_word' id='word_1_84' title='bbox 1566 1477 1716 1542; x_wconf 86' lang='lat' dir='ltr'><strong>vestram</strong></span> <span class='ocrx_word' id='word_1_85' title='bbox 1734 1489 1798 1542; x_wconf 92' lang='lat' dir='ltr'><strong>nos</strong></span> <span class='ocrx_word' id='word_1_86' title='bbox 1816 1478 1924 1543; x_wconf 86' lang='lat' dir='ltr'><strong>tactos</strong></span> 
     </span>
     <span class='ocr_line' id='line_1_10' title="bbox 513 1589 1923 1688; baseline 0 -22"><span class='ocrx_word' id='word_1_87' title='bbox 513 1592 631 1667; x_wconf 89' lang='lat' dir='ltr'><strong>dolore</strong></span> <span class='ocrx_word' id='word_1_88' title='bbox 649 1591 764 1666; x_wconf 90' lang='lat' dir='ltr'><strong>cordis</strong></span> <span class='ocrx_word' id='word_1_89' title='bbox 782 1591 1003 1680; x_wconf 86' lang='lat' dir='ltr'><strong>intrinsecus,</strong></span> <span class='ocrx_word' id='word_1_90' title='bbox 1028 1612 1091 1688; x_wconf 90' lang='lat' dir='ltr'><strong>pro</strong></span> <span class='ocrx_word' id='word_1_91' title='bbox 1108 1589 1260 1686; x_wconf 91' lang='lat' dir='ltr'><strong>dampno</strong></span> <span class='ocrx_word' id='word_1_92' title='bbox 1278 1589 1375 1686; x_wconf 92' lang='lat' dir='ltr'><strong>quod</strong></span> <span class='ocrx_word' id='word_1_93' title='bbox 1388 1589 1545 1664; x_wconf 89' lang='lat' dir='ltr'><strong>bomines</strong></span> <span class='ocrx_word' id='word_1_94' title='bbox 1562 1591 1669 1664; x_wconf 90' lang='lat' dir='ltr'><strong>nostri</strong></span> <span class='ocrx_word' id='word_1_95' title='bbox 1687 1593 1787 1665; x_wconf 82' lang='lat' dir='ltr'><strong>uobis</strong></span> <span class='ocrx_word' id='word_1_96' title='bbox 1807 1593 1923 1666; x_wconf 83' lang='lat' dir='ltr'><strong>inritis</strong></span> 
     </span>
     <span class='ocr_line' id='line_1_11' title="bbox 514 1713 1924 1813; baseline 0.002 -25"><span class='ocrx_word' id='word_1_97' title='bbox 514 1717 706 1789; x_wconf 91' lang='lat' dir='ltr'><strong>intulerunt</strong></span> <span class='ocrx_word' id='word_1_98' title='bbox 731 1715 940 1788; x_wconf 88' lang='lat' dir='ltr'><strong>monasterio</strong></span> <span class='ocrx_word' id='word_1_99' title='bbox 961 1724 995 1788; x_wconf 89' lang='lat' dir='ltr'><strong>et</strong></span> <span class='ocrx_word' id='word_1_100' title='bbox 1016 1715 1273 1788; x_wconf 89' lang='lat' dir='ltr'><strong>venerabilibus</strong></span> <span class='ocrx_word' id='word_1_101' title='bbox 1300 1714 1462 1787; x_wconf 90' lang='lat' dir='ltr'><strong>fratribus</strong></span> <span class='ocrx_word' id='word_1_102' title='bbox 1483 1713 1720 1810; x_wconf 83' lang='lat' dir='ltr'><strong>schonaugia,</strong></span> <span class='ocrx_word' id='word_1_103' title='bbox 1747 1717 1924 1813; x_wconf 87' lang='lat' dir='ltr'><strong>cupientes</strong></span> 
     </span>
     <span class='ocr_line' id='line_1_12' title="bbox 515 1839 1923 1936; baseline 0 -22"><span class='ocrx_word' id='word_1_104' title='bbox 515 1844 586 1914; x_wconf 88' lang='lat' dir='ltr'><strong>Deo</strong></span> <span class='ocrx_word' id='word_1_105' title='bbox 603 1849 638 1914; x_wconf 91' lang='lat' dir='ltr'><strong>et</strong></span> <span class='ocrx_word' id='word_1_106' title='bbox 663 1840 747 1936; x_wconf 88' lang='lat' dir='ltr'><strong>ipsis</strong></span> <span class='ocrx_word' id='word_1_107' title='bbox 768 1839 979 1930; x_wconf 88' lang='lat' dir='ltr'><strong>satisfacere,</strong></span> <span class='ocrx_word' id='word_1_108' title='bbox 1000 1839 1130 1912; x_wconf 89' lang='lat' dir='ltr'><strong>reversi</strong></span> <span class='ocrx_word' id='word_1_109' title='bbox 1148 1861 1169 1914; x_wconf 89' lang='lat' dir='ltr'><strong>a</strong></span> <span class='ocrx_word' id='word_1_110' title='bbox 1188 1839 1310 1913; x_wconf 86' lang='lat' dir='ltr'><strong>militie</strong></span> <span class='ocrx_word' id='word_1_111' title='bbox 1329 1840 1461 1913; x_wconf 90' lang='lat' dir='ltr'><strong>domini</strong></span> <span class='ocrx_word' id='word_1_112' title='bbox 1486 1839 1579 1934; x_wconf 78' lang='lat' dir='ltr'><strong>regis</strong></span> <span class='ocrx_word' id='word_1_113' title='bbox 1603 1839 1767 1914; x_wconf 87' lang='lat' dir='ltr'><strong>Friderici</strong></span> <span class='ocrx_word' id='word_1_114' title='bbox 1793 1840 1838 1916; x_wconf 90' lang='lat' dir='ltr'><strong>de</strong></span> <span class='ocrx_word' id='word_1_115' title='bbox 1864 1842 1923 1914; x_wconf 92' lang='lat' dir='ltr'><strong>iu-</strong></span> 
     </span>
     <span class='ocr_line' id='line_1_13' title="bbox 515 1951 1923 2060; baseline 0.001 -24"><span class='ocrx_word' id='word_1_116' title='bbox 515 1963 631 2038; x_wconf 90' lang='lat' dir='ltr'><strong>feriori</strong></span> <span class='ocrx_word' id='word_1_117' title='bbox 644 1963 825 2038; x_wconf 88' lang='lat' dir='ltr'><strong>Germania</strong></span> <span class='ocrx_word' id='word_1_118' title='bbox 844 1961 916 2060; x_wconf 78' lang='lat'>(2),</span> <span class='ocrx_word' id='word_1_119' title='bbox 937 1963 984 2038; x_wconf 95' lang='lat' dir='ltr'><strong>ad</strong></span> <span class='ocrx_word' id='word_1_120' title='bbox 1004 1961 1118 2059; x_wconf 89' lang='lat' dir='ltr'><strong>ipsum</strong></span> <span class='ocrx_word' id='word_1_121' title='bbox 1138 1963 1324 2036; x_wconf 88' lang='lat' dir='ltr'><strong>claustrum</strong></span> <span class='ocrx_word' id='word_1_122' title='bbox 1340 1951 1560 2051; x_wconf 80' lang='lat' dir='ltr'><strong>accessimus,</strong></span> <span class='ocrx_word' id='word_1_123' title='bbox 1576 1972 1610 2036; x_wconf 89' lang='lat' dir='ltr'><strong>et</strong></span> <span class='ocrx_word' id='word_1_124' title='bbox 1626 1963 1662 2034; x_wconf 91' lang='lat' dir='ltr'><strong>in</strong></span> <span class='ocrx_word' id='word_1_125' title='bbox 1680 1963 1831 2058; x_wconf 90' lang='lat' dir='ltr'><strong>capitulo</strong></span> <span class='ocrx_word' id='word_1_126' title='bbox 1845 1965 1923 2060; x_wconf 89' lang='lat' dir='ltr'><strong>ple·</strong></span> 
     </span>
     <span class='ocr_line' id='line_1_14' title="bbox 518 2085 1925 2184; baseline 0.002 -24"><span class='ocrx_word' id='word_1_127' title='bbox 518 2087 614 2162; x_wconf 91' lang='lat' dir='ltr'><strong>naria</strong></span> <span class='ocrx_word' id='word_1_128' title='bbox 638 2088 847 2161; x_wconf 75' lang='lat' dir='ltr'><strong>fraternitate</strong></span> <span class='ocrx_word' id='word_1_129' title='bbox 875 2097 1033 2184; x_wconf 90' lang='lat' dir='ltr'><strong>recepta,</strong></span> <span class='ocrx_word' id='word_1_130' title='bbox 1055 2085 1197 2160; x_wconf 92' lang='lat' dir='ltr'><strong>domiuo</strong></span> <span class='ocrx_word' id='word_1_131' title='bbox 1225 2087 1342 2161; x_wconf 90' lang='lat' dir='ltr'><strong>abbati</strong></span> <span class='ocrx_word' id='word_1_132' title='bbox 1371 2099 1406 2162; x_wconf 90' lang='lat' dir='ltr'><strong>et</strong></span> <span class='ocrx_word' id='word_1_133' title='bbox 1432 2089 1508 2181; x_wconf 85' lang='lat' dir='ltr'><strong>ejus</strong></span> <span class='ocrx_word' id='word_1_134' title='bbox 1539 2087 1718 2180; x_wconf 87' lang='lat' dir='ltr'><strong>fratribus,</strong></span> <span class='ocrx_word' id='word_1_135' title='bbox 1736 2089 1782 2161; x_wconf 90' lang='lat' dir='ltr'><strong>ad</strong></span> <span class='ocrx_word' id='word_1_136' title='bbox 1808 2112 1925 2163; x_wconf 91' lang='lat' dir='ltr'><strong>resar-</strong></span> 
     </span>
     <span class='ocr_line' id='line_1_15' title="bbox 517 2211 1924 2309; baseline 0 -23"><span class='ocrx_word' id='word_1_137' title='bbox 517 2211 679 2286; x_wconf 84' lang='lat' dir='ltr'><strong>ciendum</strong></span> <span class='ocrx_word' id='word_1_138' title='bbox 712 2211 903 2309; x_wconf 90' lang='lat' dir='ltr'><strong>dampnum</strong></span> <span class='ocrx_word' id='word_1_139' title='bbox 936 2234 999 2308; x_wconf 90' lang='lat' dir='ltr'><strong>per</strong></span> <span class='ocrx_word' id='word_1_140' title='bbox 1033 2221 1167 2286; x_wconf 89' lang='lat' dir='ltr'><strong>nostros</strong></span> <span class='ocrx_word' id='word_1_141' title='bbox 1203 2213 1412 2308; x_wconf 81' lang='lat' dir='ltr'><strong>irmgatum,</strong></span> <span class='ocrx_word' id='word_1_142' title='bbox 1450 2213 1674 2308; x_wconf 88' lang='lat' dir='ltr'><strong>piseationem</strong></span> <span class='ocrx_word' id='word_1_143' title='bbox 1709 2223 1858 2286; x_wconf 90' lang='lat' dir='ltr'><strong>nostram</strong></span> <span class='ocrx_word' id='word_1_144' title='bbox 1889 2216 1924 2286; x_wconf 91' lang='lat' dir='ltr'><strong>iu</strong></span> 
     </span>
     <span class='ocr_line' id='line_1_16' title="bbox 516 2335 1926 2434; baseline 0 -24"><span class='ocrx_word' id='word_1_145' title='bbox 516 2335 715 2434; x_wconf 88' lang='lat' dir='ltr'><strong>Opphowin</strong></span> <span class='ocrx_word' id='word_1_146' title='bbox 743 2337 853 2411; x_wconf 89' lang='lat' dir='ltr'><strong>donec</strong></span> <span class='ocrx_word' id='word_1_147' title='bbox 878 2358 965 2432; x_wconf 91' lang='lat' dir='ltr'><strong>pura</strong></span> <span class='ocrx_word' id='word_1_148' title='bbox 989 2336 1197 2410; x_wconf 87' lang='lat' dir='ltr'><strong>conscientia</strong></span> <span class='ocrx_word' id='word_1_149' title='bbox 1222 2337 1375 2410; x_wconf 86' lang='lat' dir='ltr'><strong>dicerent</strong></span> <span class='ocrx_word' id='word_1_150' title='bbox 1397 2337 1463 2408; x_wconf 87' lang='lat' dir='ltr'><strong>sibi</strong></span> <span class='ocrx_word' id='word_1_151' title='bbox 1490 2337 1721 2428; x_wconf 88' lang='lat' dir='ltr'><strong>satisfactum,</strong></span> <span class='ocrx_word' id='word_1_152' title='bbox 1746 2337 1926 2414; x_wconf 84' lang='lat' dir='ltr'><strong>liberaliter</strong></span> 
     </span>
     <span class='ocr_line' id='line_1_17' title="bbox 517 2458 1924 2534; baseline 0.001 -2"><span class='ocrx_word' id='word_1_153' title='bbox 517 2461 726 2534; x_wconf 89' lang='lat' dir='ltr'><strong>contulimus</strong></span> <span class='ocrx_word' id='word_1_154' title='bbox 748 2460 793 2534; x_wconf 90' lang='lat' dir='ltr'><strong>de</strong></span> <span class='ocrx_word' id='word_1_155' title='bbox 817 2470 930 2534; x_wconf 86' lang='lat' dir='ltr'><strong>cetero</strong></span> <span class='ocrx_word' id='word_1_156' title='bbox 952 2458 997 2532; x_wconf 87' lang='lat' dir='ltr'><strong>ad</strong></span> <span class='ocrx_word' id='word_1_157' title='bbox 1023 2482 1086 2532; x_wconf 92' lang='lat' dir='ltr'><strong>nos</strong></span> <span class='ocrx_word' id='word_1_158' title='bbox 1110 2460 1315 2534; x_wconf 89' lang='lat' dir='ltr'><strong>rediturum.</strong></span> <span class='ocrx_word' id='word_1_159' title='bbox 1340 2461 1430 2532; x_wconf 89' lang='lat' dir='ltr'><strong>Huic</strong></span> <span class='ocrx_word' id='word_1_160' title='bbox 1455 2459 1631 2534; x_wconf 89' lang='lat' dir='ltr'><strong>donationi</strong></span> <span class='ocrx_word' id='word_1_161' title='bbox 1656 2461 1799 2534; x_wconf 87' lang='lat' dir='ltr'><strong>accessit</strong></span> <span class='ocrx_word' id='word_1_162' title='bbox 1823 2461 1924 2534; x_wconf 89' lang='lat' dir='ltr'><strong>etiam</strong></span> 
     </span>
     <span class='ocr_line' id='line_1_18' title="bbox 518 2583 1922 2681; baseline 0.001 -24"><span class='ocrx_word' id='word_1_163' title='bbox 518 2586 609 2658; x_wconf 90' lang='lat' dir='ltr'><strong>bona</strong></span> <span class='ocrx_word' id='word_1_164' title='bbox 627 2585 789 2659; x_wconf 90' lang='lat' dir='ltr'><strong>voluntas</strong></span> <span class='ocrx_word' id='word_1_165' title='bbox 805 2594 840 2656; x_wconf 91' lang='lat' dir='ltr'><strong>et</strong></span> <span class='ocrx_word' id='word_1_166' title='bbox 857 2583 938 2679; x_wconf 90' lang='lat' dir='ltr'><strong>pius</strong></span> <span class='ocrx_word' id='word_1_167' title='bbox 955 2605 1145 2657; x_wconf 88' lang='lat' dir='ltr'><strong>consensus</strong></span> <span class='ocrx_word' id='word_1_168' title='bbox 1162 2584 1296 2680; x_wconf 83' lang='lat' dir='ltr'><strong>Agnete</strong></span> <span class='ocrx_word' id='word_1_169' title='bbox 1313 2585 1438 2658; x_wconf 87' lang='lat' dir='ltr'><strong>nobilis</strong></span> <span class='ocrx_word' id='word_1_170' title='bbox 1455 2583 1583 2680; x_wconf 90' lang='lat' dir='ltr'><strong>puelle,</strong></span> <span class='ocrx_word' id='word_1_171' title='bbox 1594 2607 1719 2681; x_wconf 87' lang='lat' dir='ltr'><strong>sponse</strong></span> <span class='ocrx_word' id='word_1_172' title='bbox 1732 2583 1793 2656; x_wconf 89' lang='lat' dir='ltr'><strong>filii</strong></span> <span class='ocrx_word' id='word_1_173' title='bbox 1804 2587 1922 2678; x_wconf 89' lang='lat' dir='ltr'><strong>nostri,</strong></span> 
     </span>
     <span class='ocr_line' id='line_1_19' title="bbox 517 2709 1926 2804; baseline 0.001 -24"><span class='ocrx_word' id='word_1_174' title='bbox 517 2732 586 2804; x_wconf 93' lang='lat' dir='ltr'><strong>que</strong></span> <span class='ocrx_word' id='word_1_175' title='bbox 611 2731 693 2782; x_wconf 87' lang='lat' dir='ltr'><strong>vera</strong></span> <span class='ocrx_word' id='word_1_176' title='bbox 717 2709 817 2782; x_wconf 87' lang='lat' dir='ltr'><strong>heres</strong></span> <span class='ocrx_word' id='word_1_177' title='bbox 841 2720 893 2782; x_wconf 88' lang='lat' dir='ltr'><strong>est</strong></span> <span class='ocrx_word' id='word_1_178' title='bbox 911 2709 1068 2800; x_wconf 88' lang='lat' dir='ltr'><strong>ejusdem</strong></span> <span class='ocrx_word' id='word_1_179' title='bbox 1093 2711 1155 2784; x_wconf 81' lang='lat' dir='ltr'><strong>rei.</strong></span> <span class='ocrx_word' id='word_1_180' title='bbox 1182 2710 1384 2804; x_wconf 81' lang='lat' dir='ltr'><strong>Adjecimus</strong></span> <span class='ocrx_word' id='word_1_181' title='bbox 1403 2711 1647 2784; x_wconf 85' lang='lat' dir='ltr'><strong>nichilominus</strong></span> <span class='ocrx_word' id='word_1_182' title='bbox 1667 2711 1763 2804; x_wconf 91' lang='lat' dir='ltr'><strong>quod</strong></span> <span class='ocrx_word' id='word_1_183' title='bbox 1786 2709 1815 2782; x_wconf 87' lang='lat' dir='ltr'><strong>si</strong></span> <span class='ocrx_word' id='word_1_184' title='bbox 1839 2711 1926 2784; x_wconf 84' lang='lat' dir='ltr'><strong>resi·</strong></span> 
     </span>
     <span class='ocr_line' id='line_1_20' title="bbox 517 2833 1927 2930; baseline 0 -21"><span class='ocrx_word' id='word_1_185' title='bbox 517 2834 620 2909; x_wconf 86' lang='lat' dir='ltr'><strong>dente</strong></span> <span class='ocrx_word' id='word_1_186' title='bbox 641 2835 708 2906; x_wconf 90' lang='lat' dir='ltr'><strong>hoo</strong></span> <span class='ocrx_word' id='word_1_187' title='bbox 735 2835 846 2906; x_wconf 89' lang='lat' dir='ltr'><strong>fructu</strong></span> <span class='ocrx_word' id='word_1_188' title='bbox 875 2833 969 2929; x_wconf 90' lang='lat' dir='ltr'><strong>apud</strong></span> <span class='ocrx_word' id='word_1_189' title='bbox 997 2835 1111 2930; x_wconf 91' lang='lat' dir='ltr'><strong>ipsum</strong></span> <span class='ocrx_word' id='word_1_190' title='bbox 1137 2835 1400 2928; x_wconf 90' lang='lat' dir='ltr'><strong>monasterium,</strong></span> <span class='ocrx_word' id='word_1_191' title='bbox 1417 2855 1480 2908; x_wconf 92' lang='lat' dir='ltr'><strong>nos</strong></span> <span class='ocrx_word' id='word_1_192' title='bbox 1497 2837 1711 2930; x_wconf 80' lang='lat' dir='ltr'><strong>contingeret</strong></span> <span class='ocrx_word' id='word_1_193' title='bbox 1732 2835 1881 2928; x_wconf 84' lang='lat' dir='ltr'><strong>migrare</strong></span> <span class='ocrx_word' id='word_1_194' title='bbox 1906 2857 1927 2908; x_wconf 90' lang='lat' dir='ltr'><strong>n</strong></span> 
     </span>
    </p>
   </div>
   <div class='ocr_carea' id='block_1_3' title="bbox 516 3137 1932 4680">
    <p class='ocr_par' dir='ltr' id='par_1_3' title="bbox 516 3137 1930 4292">
     <span class='ocr_line' id='line_1_21' title="bbox 555 3137 1928 3216; baseline -0.001 -20"><span class='ocrx_word' id='word_1_195' title='bbox 555 3139 591 3216; x_wconf 78' lang='grc'><strong>11)</strong></span> <span class='ocrx_word' id='word_1_196' title='bbox 610 3139 641 3198; x_wconf 94' lang='lat' dir='ltr'><strong>lu</strong></span> <span class='ocrx_word' id='word_1_197' title='bbox 653 3139 706 3198; x_wconf 93' lang='lat' dir='ltr'><strong>boc</strong></span> <span class='ocrx_word' id='word_1_198' title='bbox 718 3139 878 3198; x_wconf 87' lang='lat' dir='ltr'><strong>documento</strong></span> <span class='ocrx_word' id='word_1_199' title='bbox 892 3141 977 3214; x_wconf 91' lang='lat' dir='ltr'><strong>prima</strong></span> <span class='ocrx_word' id='word_1_200' title='bbox 991 3140 1050 3198; x_wconf 81' lang='lat' dir='ltr'><strong>vioe</strong></span> <span class='ocrx_word' id='word_1_201' title='bbox 1063 3141 1222 3200; x_wconf 86' lang='lat' dir='ltr'><strong>Ludewlcus</strong></span> <span class='ocrx_word' id='word_1_202' title='bbox 1234 3141 1289 3198; x_wconf 83' lang='lat' dir='ltr'><strong>dux</strong></span> <span class='ocrx_word' id='word_1_203' title='bbox 1300 3138 1429 3200; x_wconf 80' lang='lat' dir='ltr'><strong>bavariae</strong></span> <span class='ocrx_word' id='word_1_204' title='bbox 1445 3155 1476 3199; x_wconf 86' lang='lat' dir='ltr'><strong>se</strong></span> <span class='ocrx_word' id='word_1_205' title='bbox 1491 3137 1638 3215; x_wconf 87' lang='lat' dir='ltr'><strong>palatinum</strong></span> <span class='ocrx_word' id='word_1_206' title='bbox 1650 3139 1778 3198; x_wconf 77' lang='lat' dir='ltr'><strong>mnium</strong></span> <span class='ocrx_word' id='word_1_207' title='bbox 1789 3137 1875 3196; x_wconf 78' lang='lat' dir='ltr'><strong>bbeni</strong></span> <span class='ocrx_word' id='word_1_208' title='bbox 1887 3138 1928 3195; x_wconf 89' lang='lat' dir='ltr'><strong>in·</strong></span> 
     </span>
     <span class='ocr_line' id='line_1_22' title="bbox 519 3235 1929 3314; baseline -0.001 -18"><span class='ocrx_word' id='word_1_209' title='bbox 519 3238 619 3310; x_wconf 86' lang='lat' dir='ltr'><strong>titulat,</strong></span> <span class='ocrx_word' id='word_1_210' title='bbox 632 3237 696 3295; x_wconf 91' lang='lat' dir='ltr'><strong>dum</strong></span> <span class='ocrx_word' id='word_1_211' title='bbox 716 3254 770 3296; x_wconf 90' lang='lat' dir='ltr'><strong>uon</strong></span> <span class='ocrx_word' id='word_1_212' title='bbox 788 3243 850 3296; x_wconf 89' lang='lat' dir='ltr'><strong>aute</strong></span> <span class='ocrx_word' id='word_1_213' title='bbox 868 3253 989 3296; x_wconf 88' lang='lat' dir='ltr'><strong>mensem</strong></span> <span class='ocrx_word' id='word_1_214' title='bbox 1008 3239 1120 3314; x_wconf 89' lang='lat' dir='ltr'><strong>aprilem</strong></span> <span class='ocrx_word' id='word_1_215' title='bbox 1140 3240 1203 3296; x_wconf 88' lang='lat' dir='ltr'><strong>anui</strong></span> <span class='ocrx_word' id='word_1_216' title='bbox 1224 3239 1362 3314; x_wconf 69' lang='lat' dir='ltr'><strong>aequemus</strong></span> <span class='ocrx_word' id='word_1_217' title='bbox 1384 3239 1412 3296; x_wconf 91' lang='lat' dir='ltr'><strong>in</strong></span> <span class='ocrx_word' id='word_1_218' title='bbox 1431 3237 1564 3296; x_wconf 83' lang='lat' dir='ltr'><strong>caesareis</strong></span> <span class='ocrx_word' id='word_1_219' title='bbox 1583 3237 1774 3312; x_wconf 85' lang='lat' dir='ltr'><strong>diplomatibus</strong></span> <span class='ocrx_word' id='word_1_220' title='bbox 1790 3235 1929 3294; x_wconf 85' lang='lat' dir='ltr'><strong>boetitulo</strong></span> 
     </span>
     <span class='ocr_line' id='line_1_23' title="bbox 518 3331 1928 3407; baseline -0.006 -11"><span class='ocrx_word' id='word_1_221' title='bbox 518 3342 670 3396; x_wconf 85' lang='lat' dir='ltr'><strong>exornetur.</strong></span> <span class='ocrx_word' id='word_1_222' title='bbox 684 3335 823 3407; x_wconf 62' lang='lat' dir='ltr'><strong>memorio</strong></span> <span class='ocrx_word' id='word_1_223' title='bbox 843 3343 933 3394; x_wconf 88' lang='lat' dir='ltr'><strong>autem</strong></span> <span class='ocrx_word' id='word_1_224' title='bbox 954 3336 1119 3394; x_wconf 86' lang='lat' dir='ltr'><strong>Palatiuatus</strong></span> <span class='ocrx_word' id='word_1_225' title='bbox 1140 3352 1157 3394; x_wconf 94' lang='lat' dir='ltr'><strong>e</strong></span> <span class='ocrx_word' id='word_1_226' title='bbox 1177 3335 1295 3394; x_wconf 86' lang='lat' dir='ltr'><strong>Gueltica</strong></span> <span class='ocrx_word' id='word_1_227' title='bbox 1316 3335 1396 3394; x_wconf 91' lang='lat' dir='ltr'><strong>domo</strong></span> <span class='ocrx_word' id='word_1_228' title='bbox 1415 3335 1449 3392; x_wconf 92' lang='lat' dir='ltr'><strong>ad</strong></span> <span class='ocrx_word' id='word_1_229' title='bbox 1466 3333 1717 3394; x_wconf 83' lang='lat' dir='ltr'><strong>Wittelsbaeiensee</strong></span> <span class='ocrx_word' id='word_1_230' title='bbox 1738 3332 1887 3404; x_wconf 81' lang='lat' dir='ltr'><strong>transierit,</strong></span> <span class='ocrx_word' id='word_1_231' title='bbox 1901 3331 1928 3388; x_wconf 91' lang='lat' dir='ltr'><strong>id</strong></span> 
     </span>
     <span class='ocr_line' id='line_1_24' title="bbox 518 3429 1929 3508; baseline -0.004 -16"><span class='ocrx_word' id='word_1_232' title='bbox 518 3435 607 3492; x_wconf 88' lang='lat' dir='ltr'><strong>adbuc</strong></span> <span class='ocrx_word' id='word_1_233' title='bbox 619 3433 780 3492; x_wconf 89' lang='lat' dir='ltr'><strong>obscuritate</strong></span> <span class='ocrx_word' id='word_1_234' title='bbox 791 3435 907 3508; x_wconf 88' lang='lat' dir='ltr'><strong>quadem</strong></span> <span class='ocrx_word' id='word_1_235' title='bbox 923 3435 1070 3494; x_wconf 84' lang='lat' dir='ltr'><strong>involutum</strong></span> <span class='ocrx_word' id='word_1_236' title='bbox 1084 3441 1184 3492; x_wconf 89' lang='lat' dir='ltr'><strong>manet.</strong></span> <span class='ocrx_word' id='word_1_237' title='bbox 1196 3435 1271 3492; x_wconf 86' lang='lat' dir='ltr'><strong>Licet</strong></span> <span class='ocrx_word' id='word_1_238' title='bbox 1287 3439 1377 3494; x_wconf 88' lang='lat' dir='ltr'><strong>tamen</strong></span> <span class='ocrx_word' id='word_1_239' title='bbox 1390 3433 1538 3508; x_wconf 86' lang='lat' dir='ltr'><strong>suspicari,</strong></span> <span class='ocrx_word' id='word_1_240' title='bbox 1557 3437 1620 3508; x_wconf 87' lang='lat' dir='ltr'><strong>post</strong></span> <span class='ocrx_word' id='word_1_241' title='bbox 1631 3437 1746 3491; x_wconf 89' lang='lat' dir='ltr'><strong>mortam</strong></span> <span class='ocrx_word' id='word_1_242' title='bbox 1767 3429 1874 3489; x_wconf 83' lang='lat' dir='ltr'><strong>ilenrici</strong></span> <span class='ocrx_word' id='word_1_243' title='bbox 1881 3431 1929 3504; x_wconf 84' lang='lat' dir='ltr'><strong>jn-</strong></span> 
     </span>
     <span class='ocr_line' id='line_1_25' title="bbox 518 3531 1928 3608; baseline -0.002 -20"><span class='ocrx_word' id='word_1_244' title='bbox 518 3533 616 3602; x_wconf 88' lang='lat' dir='ltr'><strong>nioris,</strong></span> <span class='ocrx_word' id='word_1_245' title='bbox 630 3531 740 3588; x_wconf 79' lang='lat' dir='ltr'><strong>Headui</strong></span> <span class='ocrx_word' id='word_1_246' title='bbox 758 3531 869 3589; x_wconf 86' lang='lat' dir='ltr'><strong>Palatini</strong></span> <span class='ocrx_word' id='word_1_247' title='bbox 890 3533 962 3590; x_wconf 85' lang='lat' dir='ltr'><strong>unici</strong></span> <span class='ocrx_word' id='word_1_248' title='bbox 980 3532 1041 3604; x_wconf 87' lang='lat' dir='ltr'><strong>tilii,</strong></span> <span class='ocrx_word' id='word_1_249' title='bbox 1051 3535 1097 3608; x_wconf 86' lang='lat' dir='ltr'><strong>qui</strong></span> <span class='ocrx_word' id='word_1_250' title='bbox 1111 3533 1198 3608; x_wconf 83' lang='lat' dir='ltr'><strong>primo</strong></span> <span class='ocrx_word' id='word_1_251' title='bbox 1209 3533 1253 3590; x_wconf 89' lang='lat' dir='ltr'><strong>dle</strong></span> <span class='ocrx_word' id='word_1_252' title='bbox 1265 3533 1329 3590; x_wconf 90' lang='lat' dir='ltr'><strong>maii</strong></span> <span class='ocrx_word' id='word_1_253' title='bbox 1342 3533 1422 3606; x_wconf 77' lang='lat' dir='ltr'><strong>hujus</strong></span> <span class='ocrx_word' id='word_1_254' title='bbox 1434 3533 1497 3590; x_wconf 89' lang='lat' dir='ltr'><strong>anni</strong></span> <span class='ocrx_word' id='word_1_255' title='bbox 1510 3531 1653 3590; x_wconf 85' lang='lat' dir='ltr'><strong>defunctus</strong></span> <span class='ocrx_word' id='word_1_256' title='bbox 1666 3535 1721 3602; x_wconf 84' lang='lat' dir='ltr'><strong>eet,</strong></span> <span class='ocrx_word' id='word_1_257' title='bbox 1733 3535 1764 3589; x_wconf 87' lang='lat' dir='ltr'><strong>et</strong></span> <span class='ocrx_word' id='word_1_258' title='bbox 1775 3535 1838 3606; x_wconf 89' lang='lat' dir='ltr'><strong>post</strong></span> <span class='ocrx_word' id='word_1_259' title='bbox 1848 3544 1928 3604; x_wconf 91' lang='lat' dir='ltr'><strong>prae-</strong></span> 
     </span>
     <span class='ocr_line' id='line_1_26' title="bbox 520 3626 1929 3704; baseline -0.003 -16"><span class='ocrx_word' id='word_1_260' title='bbox 520 3631 585 3688; x_wconf 89' lang='lat' dir='ltr'><strong>lium</strong></span> <span class='ocrx_word' id='word_1_261' title='bbox 604 3629 753 3686; x_wconf 88' lang='lat' dir='ltr'><strong>Bovinense</strong></span> <span class='ocrx_word' id='word_1_262' title='bbox 771 3631 893 3704; x_wconf 88' lang='lat' dir='ltr'><strong>partibus</strong></span> <span class='ocrx_word' id='word_1_263' title='bbox 915 3629 1043 3690; x_wconf 86' lang='lat' dir='ltr'><strong>Guelficis</strong></span> <span class='ocrx_word' id='word_1_264' title='bbox 1064 3629 1229 3703; x_wconf 89' lang='lat' dir='ltr'><strong>lethiferum,</strong></span> <span class='ocrx_word' id='word_1_265' title='bbox 1245 3629 1417 3688; x_wconf 78' lang='lat' dir='ltr'><strong>ludewicum</strong></span> <span class='ocrx_word' id='word_1_266' title='bbox 1437 3629 1562 3688; x_wconf 77' lang='lat' dir='ltr'><strong>bavariae</strong></span> <span class='ocrx_word' id='word_1_267' title='bbox 1583 3629 1680 3687; x_wconf 86' lang='lat' dir='ltr'><strong>ducem</strong></span> <span class='ocrx_word' id='word_1_268' title='bbox 1700 3645 1734 3686; x_wconf 86' lang='lat' dir='ltr'><strong>ex</strong></span> <span class='ocrx_word' id='word_1_269' title='bbox 1756 3626 1929 3688; x_wconf 86' lang='lat' dir='ltr'><strong>conventione</strong></span> 
     </span>
     <span class='ocr_line' id='line_1_27' title="bbox 519 3721 1929 3802; baseline -0.004 -18"><span class='ocrx_word' id='word_1_270' title='bbox 519 3726 705 3784; x_wconf 87' lang='lat' dir='ltr'><strong>matrimoniali</strong></span> <span class='ocrx_word' id='word_1_271' title='bbox 727 3727 797 3784; x_wconf 86' lang='lat' dir='ltr'><strong>inter</strong></span> <span class='ocrx_word' id='word_1_272' title='bbox 815 3727 942 3786; x_wconf 89' lang='lat' dir='ltr'><strong>Ottonem</strong></span> <span class='ocrx_word' id='word_1_273' title='bbox 962 3728 1047 3786; x_wconf 89' lang='lat' dir='ltr'><strong>lilium</strong></span> <span class='ocrx_word' id='word_1_274' title='bbox 1066 3743 1146 3788; x_wconf 87' lang='lat' dir='ltr'><strong>suum</strong></span> <span class='ocrx_word' id='word_1_275' title='bbox 1160 3735 1188 3786; x_wconf 93' lang='lat' dir='ltr'><strong>et</strong></span> <span class='ocrx_word' id='word_1_276' title='bbox 1207 3729 1336 3802; x_wconf 78' lang='lat' dir='ltr'><strong>tgnetem</strong></span> <span class='ocrx_word' id='word_1_277' title='bbox 1355 3727 1437 3786; x_wconf 87' lang='lat' dir='ltr'><strong>filiam</strong></span> <span class='ocrx_word' id='word_1_278' title='bbox 1459 3733 1525 3788; x_wconf 88' lang='lat' dir='ltr'><strong>natu</strong></span> <span class='ocrx_word' id='word_1_279' title='bbox 1542 3727 1674 3785; x_wconf 90' lang='lat' dir='ltr'><strong>minorem</strong></span> <span class='ocrx_word' id='word_1_280' title='bbox 1693 3725 1799 3784; x_wconf 89' lang='lat' dir='ltr'><strong>llenrici</strong></span> <span class='ocrx_word' id='word_1_281' title='bbox 1821 3721 1929 3800; x_wconf 86' lang='lat' dir='ltr'><strong>palatini</strong></span> 
     </span>
     <span class='ocr_line' id='line_1_28' title="bbox 516 3820 1928 3902; baseline -0.005 -18"><span class='ocrx_word' id='word_1_282' title='bbox 516 3825 638 3896; x_wconf 85' lang='lat' dir='ltr'><strong>comitis,</strong></span> <span class='ocrx_word' id='word_1_283' title='bbox 650 3825 678 3882; x_wconf 93' lang='lat' dir='ltr'><strong>in</strong></span> <span class='ocrx_word' id='word_1_284' title='bbox 698 3823 844 3882; x_wconf 84' lang='lat' dir='ltr'><strong>Palatluatu</strong></span> <span class='ocrx_word' id='word_1_285' title='bbox 857 3826 1022 3884; x_wconf 88' lang='lat' dir='ltr'><strong>dominatum</strong></span> <span class='ocrx_word' id='word_1_286' title='bbox 1042 3843 1091 3902; x_wconf 94' lang='lat' dir='ltr'><strong>pro</strong></span> <span class='ocrx_word' id='word_1_287' title='bbox 1104 3843 1135 3886; x_wconf 87' lang='lat' dir='ltr'><strong>se</strong></span> <span class='ocrx_word' id='word_1_288' title='bbox 1149 3833 1178 3884; x_wconf 89' lang='lat' dir='ltr'><strong>et</strong></span> <span class='ocrx_word' id='word_1_289' title='bbox 1195 3826 1248 3884; x_wconf 92' lang='lat' dir='ltr'><strong>lilio</strong></span> <span class='ocrx_word' id='word_1_290' title='bbox 1266 3842 1316 3884; x_wconf 89' lang='lat' dir='ltr'><strong>suo</strong></span> <span class='ocrx_word' id='word_1_291' title='bbox 1332 3825 1458 3900; x_wconf 81' lang='lat' dir='ltr'><strong>adeptum</strong></span> <span class='ocrx_word' id='word_1_292' title='bbox 1470 3825 1562 3884; x_wconf 81' lang='lat' dir='ltr'><strong>fuisse</strong></span> <span class='ocrx_word' id='word_1_293' title='bbox 1572 3824 1612 3883; x_wconf 90' lang='lat' dir='ltr'><strong>Cf.</strong></span> <span class='ocrx_word' id='word_1_294' title='bbox 1628 3823 1739 3895; x_wconf 80' lang='lat' dir='ltr'><strong>Suum,</strong></span> <span class='ocrx_word' id='word_1_295' title='bbox 1753 3827 1832 3890; x_wconf 82' lang='lat' dir='ltr'><strong>outo,</strong></span> <span class='ocrx_word' id='word_1_296' title='bbox 1849 3820 1928 3892; x_wconf 68' lang='lat' dir='ltr'><strong>ibid,</strong></span> 
     </span>
     <span class='ocr_line' id='line_1_29' title="bbox 519 3921 1928 3998; baseline -0.003 -17"><span class='ocrx_word' id='word_1_297' title='bbox 519 3941 548 3998; x_wconf 88' lang='lat' dir='ltr'><strong>p.</strong></span> <span class='ocrx_word' id='word_1_298' title='bbox 560 3925 613 3981; x_wconf 74' lang='lat' dir='ltr'><strong>ate</strong></span> <span class='ocrx_word' id='word_1_299' title='bbox 627 3922 658 3994; x_wconf 82' lang='lat' dir='ltr'><strong>d,</strong></span> <span class='ocrx_word' id='word_1_300' title='bbox 673 3929 701 3980; x_wconf 89' lang='lat' dir='ltr'><strong>et</strong></span> <span class='ocrx_word' id='word_1_301' title='bbox 714 3923 862 3991; x_wconf 71' lang='grc' dir='ltr'><strong>Βοιυιιι,</strong></span> <span class='ocrx_word' id='word_1_302' title='bbox 879 3923 1089 3996; x_wconf 73' lang='lat' dir='ltr'><strong>lietcbmocbeo,</strong></span> <span class='ocrx_word' id='word_1_303' title='bbox 1103 3941 1132 3998; x_wconf 90' lang='lat' dir='ltr'><strong>p.</strong></span> <span class='ocrx_word' id='word_1_304' title='bbox 1149 3927 1210 3982; x_wconf 83' lang='lat'><strong>370.</strong></span> <span class='ocrx_word' id='word_1_305' title='bbox 1222 3925 1370 3982; x_wconf 77' lang='lat' dir='ltr'><strong>Aventinus</strong></span> <span class='ocrx_word' id='word_1_306' title='bbox 1384 3923 1495 3997; x_wconf 77' lang='lat' dir='ltr'><strong>(donet.</strong></span> <span class='ocrx_word' id='word_1_307' title='bbox 1511 3924 1615 3991; x_wconf 64' lang='lat' dir='ltr'><strong>Boion,</strong></span> <span class='ocrx_word' id='word_1_308' title='bbox 1630 3939 1660 3998; x_wconf 93' lang='lat' dir='ltr'><strong>p.</strong></span> <span class='ocrx_word' id='word_1_309' title='bbox 1677 3923 1738 3993; x_wconf 79' lang='grc'><strong>1116)</strong></span> <span class='ocrx_word' id='word_1_310' title='bbox 1753 3937 1810 3978; x_wconf 89' lang='lat' dir='ltr'><strong>rem</strong></span> <span class='ocrx_word' id='word_1_311' title='bbox 1824 3921 1861 3978; x_wconf 90' lang='lat' dir='ltr'><strong>ita</strong></span> <span class='ocrx_word' id='word_1_312' title='bbox 1871 3935 1928 3977; x_wconf 89' lang='lat' dir='ltr'><strong>tne-</strong></span> 
     </span>
     <span class='ocr_line' id='line_1_30' title="bbox 519 4019 1929 4096; baseline -0.004 -17"><span class='ocrx_word' id='word_1_313' title='bbox 519 4027 624 4080; x_wconf 84' lang='lat' dir='ltr'><strong>morat:</strong></span> <span class='ocrx_word' id='word_1_314' title='bbox 637 4019 810 4078; x_wconf 77' lang='lat' dir='ltr'><strong>«ludovicus</strong></span> <span class='ocrx_word' id='word_1_315' title='bbox 822 4021 942 4079; x_wconf 82' lang='lat' dir='ltr'><strong>boiartae</strong></span> <span class='ocrx_word' id='word_1_316' title='bbox 953 4027 1041 4080; x_wconf 87' lang='lat' dir='ltr'><strong>rector</strong></span> <span class='ocrx_word' id='word_1_317' title='bbox 1055 4039 1071 4080; x_wconf 92' lang='lat' dir='ltr'><strong>a</strong></span> <span class='ocrx_word' id='word_1_318' title='bbox 1086 4023 1220 4081; x_wconf 82' lang='lat' dir='ltr'><strong>Friderico</strong></span> <span class='ocrx_word' id='word_1_319' title='bbox 1231 4023 1523 4081; x_wconf 82' lang='lat' dir='ltr'><strong>Rhenauumducatum</strong></span> <span class='ocrx_word' id='word_1_320' title='bbox 1536 4037 1617 4096; x_wconf 90' lang='lat' dir='ltr'><strong>quem</strong></span> <span class='ocrx_word' id='word_1_321' title='bbox 1631 4021 1708 4094; x_wconf 83' lang='lat' dir='ltr'><strong>pelas</strong></span> <span class='ocrx_word' id='word_1_322' title='bbox 1722 4025 1833 4090; x_wconf 82' lang='lat' dir='ltr'><strong>vocant,</strong></span> <span class='ocrx_word' id='word_1_323' title='bbox 1853 4019 1929 4076; x_wconf 81' lang='lat' dir='ltr'><strong>officii</strong></span> 
     </span>
     <span class='ocr_line' id='line_1_31' title="bbox 518 4117 1930 4196; baseline -0.004 -18"><span class='ocrx_word' id='word_1_324' title='bbox 518 4137 551 4179; x_wconf 90' lang='lat' dir='ltr'><strong>ac</strong></span> <span class='ocrx_word' id='word_1_325' title='bbox 565 4119 705 4194; x_wconf 80' lang='lat' dir='ltr'><strong>singtrlerb</strong></span> <span class='ocrx_word' id='word_1_326' title='bbox 717 4119 838 4193; x_wconf 87' lang='lat' dir='ltr'><strong>obsequii</strong></span> <span class='ocrx_word' id='word_1_327' title='bbox 852 4136 915 4195; x_wconf 84' lang='lat' dir='ltr'><strong>ergo</strong></span> <span class='ocrx_word' id='word_1_328' title='bbox 932 4119 1084 4196; x_wconf 88' lang='lat' dir='ltr'><strong>impetravit</strong></span> <span class='ocrx_word' id='word_1_329' title='bbox 1096 4129 1177 4196; x_wconf 81' lang='lat' dir='ltr'><strong>atque</strong></span> <span class='ocrx_word' id='word_1_330' title='bbox 1190 4121 1218 4178; x_wconf 92' lang='lat' dir='ltr'><strong>iu</strong></span> <span class='ocrx_word' id='word_1_331' title='bbox 1231 4121 1311 4178; x_wconf 89' lang='lat' dir='ltr'><strong>fidem</strong></span> <span class='ocrx_word' id='word_1_332' title='bbox 1324 4119 1436 4195; x_wconf 85' lang='lat' dir='ltr'><strong>accepit.</strong></span> <span class='ocrx_word' id='word_1_333' title='bbox 1450 4121 1570 4178; x_wconf 81' lang='lat' dir='ltr'><strong>»Errare</strong></span> <span class='ocrx_word' id='word_1_334' title='bbox 1582 4125 1672 4178; x_wconf 65' lang='lat' dir='ltr'><strong>umen</strong></span> <span class='ocrx_word' id='word_1_335' title='bbox 1687 4118 1805 4189; x_wconf 86' lang='lat' dir='ltr'><strong>videtur,</strong></span> <span class='ocrx_word' id='word_1_336' title='bbox 1819 4117 1884 4174; x_wconf 91' lang='lat' dir='ltr'><strong>dum</strong></span> <span class='ocrx_word' id='word_1_337' title='bbox 1897 4117 1930 4174; x_wconf 93' lang='lat' dir='ltr'><strong>ad</strong></span> 
     </span>
     <span class='ocr_line' id='line_1_32' title="bbox 518 4217 1682 4292; baseline -0.003 -17"><span class='ocrx_word' id='word_1_338' title='bbox 518 4219 619 4275; x_wconf 89' lang='lat' dir='ltr'><strong>curiam</strong></span> <span class='ocrx_word' id='word_1_339' title='bbox 633 4217 869 4292; x_wconf 87' lang='lat' dir='ltr'><strong>ltatispooensem,</strong></span> <span class='ocrx_word' id='word_1_340' title='bbox 882 4217 984 4276; x_wconf 85' lang='lat' dir='ltr'><strong>seilicet</strong></span> <span class='ocrx_word' id='word_1_341' title='bbox 998 4219 1165 4278; x_wconf 78' lang='lat' dir='ltr'><strong>admoneam</strong></span> <span class='ocrx_word' id='word_1_342' title='bbox 1179 4219 1343 4277; x_wconf 80' lang='lat' dir='ltr'><strong>februarium</strong></span> <span class='ocrx_word' id='word_1_343' title='bbox 1357 4218 1420 4276; x_wconf 86' lang='lat' dir='ltr'><strong>anui</strong></span> <span class='ocrx_word' id='word_1_344' title='bbox 1435 4221 1514 4288; x_wconf 75' lang='grc'><strong>1111,</strong></span> <span class='ocrx_word' id='word_1_345' title='bbox 1531 4233 1561 4276; x_wconf 86' lang='lat' dir='ltr'><strong>ee</strong></span> <span class='ocrx_word' id='word_1_346' title='bbox 1575 4217 1682 4274; x_wconf 87' lang='lat' dir='ltr'><strong>referat.</strong></span> 
     </span>
    </p>

    <p class='ocr_par' dir='ltr' id='par_1_4' title="bbox 518 4311 1932 4680">
     <span class='ocr_line' id='line_1_33' title="bbox 556 4311 1930 4389; baseline -0.004 -16"><span class='ocrx_word' id='word_1_347' title='bbox 556 4315 593 4389; x_wconf 76' lang='lat'><strong>(2)</strong></span> <span class='ocrx_word' id='word_1_348' title='bbox 611 4313 718 4372; x_wconf 86' lang='lat' dir='ltr'><strong>Scilicet</strong></span> <span class='ocrx_word' id='word_1_349' title='bbox 726 4313 760 4372; x_wconf 91' lang='lat' dir='ltr'><strong>ab</strong></span> <span class='ocrx_word' id='word_1_350' title='bbox 771 4315 937 4388; x_wconf 85' lang='lat' dir='ltr'><strong>expeditione</strong></span> <span class='ocrx_word' id='word_1_351' title='bbox 946 4321 1021 4373; x_wconf 88' lang='lat' dir='ltr'><strong>trans</strong></span> <span class='ocrx_word' id='word_1_352' title='bbox 1031 4315 1168 4373; x_wconf 81' lang='lat' dir='ltr'><strong>Mosellam</strong></span> <span class='ocrx_word' id='word_1_353' title='bbox 1180 4321 1208 4372; x_wconf 90' lang='lat' dir='ltr'><strong>et</strong></span> <span class='ocrx_word' id='word_1_354' title='bbox 1219 4316 1322 4374; x_wconf 83' lang='lat' dir='ltr'><strong>blesam</strong></span> <span class='ocrx_word' id='word_1_355' title='bbox 1330 4358 1337 4386; x_wconf 88' lang='lat'>‚</span> <span class='ocrx_word' id='word_1_356' title='bbox 1346 4314 1397 4373; x_wconf 90' lang='lat' dir='ltr'><strong>sub</strong></span> <span class='ocrx_word' id='word_1_357' title='bbox 1409 4315 1487 4389; x_wconf 84' lang='lat' dir='ltr'><strong>cujus</strong></span> <span class='ocrx_word' id='word_1_358' title='bbox 1495 4313 1572 4372; x_wconf 89' lang='lat' dir='ltr'><strong>initio</strong></span> <span class='ocrx_word' id='word_1_359' title='bbox 1582 4318 1677 4388; x_wconf 86' lang='lat' dir='ltr'><strong>captus</strong></span> <span class='ocrx_word' id='word_1_360' title='bbox 1686 4317 1729 4370; x_wconf 90' lang='lat' dir='ltr'><strong>est</strong></span> <span class='ocrx_word' id='word_1_361' title='bbox 1741 4311 1930 4370; x_wconf 84' lang='lat' dir='ltr'><strong>aWeleraouo</strong></span> 
     </span>
     <span class='ocr_line' id='line_1_34' title="bbox 519 4411 1931 4488; baseline -0.003 -18"><span class='ocrx_word' id='word_1_362' title='bbox 519 4421 547 4470; x_wconf 89' lang='lat' dir='ltr'><strong>et</strong></span> <span class='ocrx_word' id='word_1_363' title='bbox 559 4411 681 4470; x_wconf 77' lang='lat' dir='ltr'><strong>emmila</strong></span> <span class='ocrx_word' id='word_1_364' title='bbox 693 4411 843 4470; x_wconf 83' lang='lat' dir='ltr'><strong>lubecensi.</strong></span> <span class='ocrx_word' id='word_1_365' title='bbox 851 4413 913 4472; x_wconf 85' lang='lat' dir='ltr'><strong>Vid.</strong></span> <span class='ocrx_word' id='word_1_366' title='bbox 921 4427 1013 4488; x_wconf 88' lang='lat' dir='ltr'><strong>supra,</strong></span> <span class='ocrx_word' id='word_1_367' title='bbox 1022 4429 1049 4487; x_wconf 95' lang='lat' dir='ltr'><strong>p.</strong></span> <span class='ocrx_word' id='word_1_368' title='bbox 1062 4416 1091 4469; x_wconf 86' lang='lat' dir='ltr'><strong>at</strong></span> <span class='ocrx_word' id='word_1_369' title='bbox 1100 4417 1124 4484; x_wconf 88' lang='lat' dir='ltr'><strong>t,</strong></span> <span class='ocrx_word' id='word_1_370' title='bbox 1135 4419 1190 4470; x_wconf 90' lang='lat' dir='ltr'><strong>not.</strong></span> <span class='ocrx_word' id='word_1_371' title='bbox 1203 4416 1228 4468; x_wconf 91' lang='grc'><strong>1.</strong></span> <span class='ocrx_word' id='word_1_372' title='bbox 1240 4413 1548 4485; x_wconf 64' lang='lat' dir='ltr'><strong>silvaemundae,</strong></span> <span class='ocrx_word' id='word_1_373' title='bbox 1559 4411 1676 4468; x_wconf 82' lang='lat' dir='ltr'><strong>maximo</strong></span> <span class='ocrx_word' id='word_1_374' title='bbox 1686 4411 1931 4486; x_wconf 88' lang='lat' dir='ltr'><strong>pecuniaeuumem</strong></span> 
     </span>
     <span class='ocr_line' id='line_1_35' title="bbox 518 4507 1932 4583; baseline -0.001 -18"><span class='ocrx_word' id='word_1_375' title='bbox 518 4525 600 4583; x_wconf 83' lang='lat' dir='ltr'><strong>quam</strong></span> <span class='ocrx_word' id='word_1_376' title='bbox 614 4509 706 4567; x_wconf 88' lang='lat' dir='ltr'><strong>Bavari</strong></span> <span class='ocrx_word' id='word_1_377' title='bbox 719 4507 835 4567; x_wconf 89' lang='lat' dir='ltr'><strong>tribuere</strong></span> <span class='ocrx_word' id='word_1_378' title='bbox 846 4525 876 4568; x_wconf 87' lang='lat' dir='ltr'><strong>se</strong></span> <span class='ocrx_word' id='word_1_379' title='bbox 886 4509 1016 4582; x_wconf 86' lang='lat' dir='ltr'><strong>redemit,</strong></span> <span class='ocrx_word' id='word_1_380' title='bbox 1032 4518 1060 4567; x_wconf 89' lang='lat' dir='ltr'><strong>et</strong></span> <span class='ocrx_word' id='word_1_381' title='bbox 1073 4511 1101 4566; x_wconf 92' lang='lat' dir='ltr'><strong>in</strong></span> <span class='ocrx_word' id='word_1_382' title='bbox 1112 4509 1165 4566; x_wconf 87' lang='lat' dir='ltr'><strong>bac</strong></span> <span class='ocrx_word' id='word_1_383' title='bbox 1174 4509 1313 4568; x_wconf 85' lang='lat' dir='ltr'><strong>occasione</strong></span> <span class='ocrx_word' id='word_1_384' title='bbox 1322 4509 1478 4568; x_wconf 85' lang='lat' dir='ltr'><strong>Sobireuses</strong></span> <span class='ocrx_word' id='word_1_385' title='bbox 1488 4509 1612 4568; x_wconf 86' lang='lat' dir='ltr'><strong>monachi</strong></span> <span class='ocrx_word' id='word_1_386' title='bbox 1627 4515 1736 4566; x_wconf 82' lang='lat' dir='ltr'><strong>rentum</strong></span> <span class='ocrx_word' id='word_1_387' title='bbox 1749 4507 1833 4565; x_wconf 88' lang='lat' dir='ltr'><strong>libms</strong></span> <span class='ocrx_word' id='word_1_388' title='bbox 1846 4508 1932 4564; x_wconf 84' lang='lat' dir='ltr'><strong>Bava-</strong></span> 
     </span>
     <span class='ocr_line' id='line_1_36' title="bbox 519 4605 780 4680; baseline 0.004 -19"><span class='ocrx_word' id='word_1_389' title='bbox 519 4606 589 4663; x_wconf 84' lang='lat' dir='ltr'><strong>rieas</strong></span> <span class='ocrx_word' id='word_1_390' title='bbox 602 4605 780 4680; x_wconf 81' lang='lat' dir='ltr'><strong>pensitarunt.</strong></span> 
     </span>
    </p>
   </div>
   <div class='ocr_carea' id='block_1_4' title="bbox 0 0 2209 5940">
    <p class='ocr_par' dir='ltr' id='par_1_5' title="bbox 0 0 2209 5940">
     <span class='ocr_line' id='line_1_37' title="bbox 0 0 2209 5940; baseline 0 0"><span class='ocrx_word' id='word_1_391' title='bbox 0 0 2209 5940; x_wconf 95' lang='lat' dir='ltr'><strong> </strong></span> 
     </span>
    </p>
   </div>
  </div>
 </body>
</html>
