4334 5980
218 574 317 638 aare.
337 572 399 652 lt]
670 565 870 630 HISTORIA
895 565 1186 630 olebotttlrtcll.
1578 571 1636 636 183

219 707 364 782 miliaris
380 717 416 780 et
432 701 547 778 tidelis
559 711 690 794 noster,
706 701 899 798 specialiter
912 712 948 775 et
964 723 1044 774 cum
1058 703 1153 776 omni
1167 701 1352 780 devotione
1372 727 1504 780 necnon
1517 717 1554 785 et
1571 727 1634 780 vos

219 830 453 906 Panormitoni
472 827 650 918 canonici,
665 827 801 923 experti
815 825 938 900 fideles
954 827 1080 918 nostri,
1097 827 1262 924 predictis
1286 831 1487 927 parentibus
1512 831 1635 904 nostris

220 957 350 1052 inclyte
367 949 616 1028 recordationis
635 949 782 1026 fideliler
797 960 832 1025 el
850 952 977 1026 devote
997 952 1166 1027 exhibere
1183 955 1346 1046 curastis,
1367 956 1510 1030 obtentu
1531 955 1634 1028 aliam

219 1079 317 1174 qnod
335 1079 382 1154 ab
400 1079 502 1154 annis
520 1075 648 1150 teneris
667 1085 735 1150 tom
756 1074 878 1150 sedulo
896 1098 1002 1171 quum
1026 1079 1197 1152 ferventer
1219 1079 1320 1152 nobis
1340 1089 1375 1152 et
1396 1101 1502 1176 regno
1520 1089 1636 1154 nostro

220 1204 437 1299 synceritalis
461 1201 586 1276 affectu
612 1199 795 1276 studuistis
815 1198 885 1274 lide
905 1211 940 1272 et
958 1223 1062 1297 opere
1085 1203 1262 1290 famulari,
1281 1203 1414 1298 etquis
1432 1204 1534 1278 etiam
1553 1225 1634 1300 per·

221 1349 325 1402 sonas
348 1337 482 1400 vestras
504 1335 704 1424 prunestre
726 1325 919 1400 serenitatis
936 1326 1043 1421 gloria
1069 1336 1104 1399 et
1131 1325 1261 1401 honore
1287 1329 1414 1402 etzelo
1439 1329 1528 1402 bone
1552 1327 1634 1402 fidei

220 1451 487 1548 quamplurimis
503 1449 714 1547 exposuistis
731 1449 925 1542 laboribus,
946 1449 1107 1546 periculis
1124 1461 1159 1524 el
1170 1453 1332 1544 jacturis,
1353 1462 1392 1524 nt
1409 1452 1506 1527 labor
1528 1456 1634 1526 vostri

222 1573 644 1672 corporisetfidesrestre
658 1571 853 1648 devotionis
866 1585 1136 1670 peuesnostram
1149 1575 1389 1650 celsitudinem
1402 1599 1471 1650 non
1485 1587 1635 1652 transeat

221 1697 351 1793 otiosa,
370 1699 434 1774 sed
453 1700 489 1772 in
504 1699 766 1774 retribationem
780 1699 924 1772 ecclesie
935 1709 1050 1774 vestre
1066 1709 1293 1796 pertranseat,
1314 1702 1481 1776 habentes
1493 1723 1635 1798 qnoque

223 1845 287 1920 pra
308 1825 420 1900 oculis
442 1824 539 1922 qnod
558 1825 595 1897 in
619 1825 695 1922 ipsa
721 1824 865 1898 ecclesia
891 1824 1130 1900 Panormitano
1147 1847 1278 1900 sacram
1301 1827 1499 1900 unctionem
1524 1837 1559 1900 et
1576 1849 1635 1898 re-

223 1949 321 2043 gium
340 1951 557 2047 suscepimus
576 1949 755 2040 diadema3
776 1949 860 2045 qnia
875 1949 978 2022 etiam
999 1950 1090 2024 sicut
1106 1950 1180 2046 ipsa
1196 1951 1340 2024 ecclesia
1354 1950 1466 2046 prima
1482 1960 1534 2024 est
1548 1951 1637 2024 inter

224 2091 345 2146 omnes
363 2074 528 2148 ecclesias
545 2074 645 2168 regni
661 2074 767 2148 nostri
787 2082 822 2148 et
838 2073 1044 2150 excellentia
1062 2075 1240 2170 dignitatis
1260 2097 1323 2148 sne
1343 2075 1465 2150 ceteris
1483 2075 1636 2148 ecclesiis

226 2197 435 2293 preeminet,
459 2197 509 2272 sic
539 2199 575 2270 in
607 2198 741 2274 divitiis
767 2198 875 2274 debet
898 2199 1069 2274 excedere
1096 2201 1298 2290 universas3
1325 2197 1371 2272 do
1398 2221 1493 2274 meru
1521 2208 1636 2274 nostre

226 2319 461 2396 munificentie
484 2321 658 2416 largitate,
681 2323 765 2420 qnia
790 2323 955 2419 precipue
980 2323 1125 2399 illudio
1154 2324 1326 2396 tutissimo
1352 2324 1427 2396 loco
1448 2324 1636 2419 repositum

225 2444 405 2518 estimatur
424 2447 521 2542 qnod
544 2445 592 2522 ad
609 2447 731 2520 divine
754 2447 891 2544 pietatis
913 2449 1044 2520 cultum
1063 2449 1215 2522 noscitur
1233 2448 1449 2538 dedicatum,
1467 2448 1637 2522 donamus

226 2567 287 2641 tibi
306 2569 462 2667 predicto
483 2569 593 2646 electo
608 2581 775 2667 unquam
795 2572 1007 2646 benemerito
1024 2581 1059 2646 et
1076 2573 1177 2646 vobis
1194 2573 1441 2670 prenominatis
1457 2573 1637 2646 Panormi-

223 2692 314 2766 tanis
335 2695 512 2768 canonicis
535 2705 573 2769 et
596 2695 711 2770 eidem
741 2697 885 2772 ecclesie
906 2697 1145 2774 Panormitano
1164 2717 1205 2770 ac
1230 2697 1488 2772 successoribus
1515 2697 1637 2770 vestris

226 2829 262 2892 et
278 2829 445 2916 perpetuo
460 2817 682 2893 concedimus
697 2840 819 2894 omnes
838 2820 967 2894 ledeos
989 2821 1139 2894 civitatis
1158 2831 1272 2894 nostre
1289 2820 1546 2906 Panormitano,
1567 2829 1636 2892 tam

226 2943 302 3017 illos
321 2944 383 3038 qui
403 2943 440 3016 in
458 2943 534 3040 ipsa
551 2945 690 3018 civitate
715 2954 892 3018 morantur
907 2967 1012 3041 quam
1033 2954 1068 3018 el
1085 2945 1172 3018 alios
1189 2965 1279 3039 quos
1302 2944 1347 3018 de
1363 2953 1477 3018 cetero
1499 2944 1535 3016 in
1562 2943 1637 3039 ipsa

227 3067 367 3142 civitate
387 3067 598 3163 contig[er]il
612 3067 787 3160 habitare,
806 3078 847 3142 nt
864 3067 909 3142 de
933 3079 1046 3142 cetero
1060 3070 1219 3142 homines
1239 3067 1346 3142 vestri
1361 3067 1430 3140 sint
1445 3076 1479 3140 et
1495 3067 1638 3140 ecclesie

226 3193 465 3266 Panomritane
480 3203 515 3266 et
531 3193 632 3266 vobis
645 3203 681 3266 et
690 3194 833 3266 ecclesie
850 3193 982 3266 subditi
998 3193 1035 3266 in
1053 3195 1215 3267 omnibus
1231 3194 1418 3266 existentes
1432 3189 1478 3265 de
1491 3191 1591 3285 gisia,
1604 3201 1638 3264 et

226 3317 322 3390 omni
340 3315 482 3390 seruitio
497 3325 533 3389 et
549 3319 628 3410 jure
645 3327 681 3390 el
693 3317 772 3390 aliis
787 3317 978 3391 rationibus
993 3339 1112 3392 eorum
1128 3317 1230 3392 robis
1245 3326 1281 3390 et
1295 3316 1439 3390 ecclesio
1456 3315 1638 3388 Panormi-

227 3450 306 3516 tane
327 3441 582 3538 respondeant,
602 3442 694 3514 siout
711 3441 878 3516 hactenns
900 3442 995 3516 curie
1021 3454 1057 3516 et
1082 3441 1218 3516 dohane
1245 3451 1361 3514 nostre
1389 3449 1640 3514 consueverant

225 3565 447 3662 respondere.
464 3567 515 3640 De
531 3566 664 3640 naumis
682 3565 786 3640 eliam
802 3587 922 3638 eorum
941 3587 1011 3638 non
1029 3566 1111 3638 alibi
1129 3587 1235 3662 quam
1252 3565 1289 3637 in
1304 3565 1378 3638 loro
1391 3564 1535 3636 ecclesie
1552 3583 1640 3635 con-

226 3691 412 3766 veniantur
432 3701 469 3765 el
485 3689 698 3784 judicentur.
717 3691 772 3764 Ex
798 3689 1096 3786 superabundanti
1121 3711 1261 3784 quoque
1282 3688 1392 3781 gralia
1416 3687 1642 3782 plenitudinis

225 3825 340 3889 nostre
362 3825 396 3888 ct
416 3826 456 3888 ut
473 3817 509 3888 in
530 3817 689 3913 primitiis
706 3813 865 3890 beneficii
888 3815 994 3888 nostri
1015 3816 1090 3912 ipsa
1111 3815 1255 3888 ecclesia
1279 3813 1422 3908 incipiat
1442 3833 1462 3884 a
1482 3833 1641 3907 pressura

224 3963 295 4036 qna
313 3941 481 4036 premitur
498 3941 754 4036 aliquantulum
772 3941 952 4038 respirare,
970 3940 1032 4012 tibi
1049 3938 1203 4036 predicto
1216 3940 1325 4012 electo
1342 3947 1376 4009 el
1393 3935 1493 4008 robis
1510 3935 1643 4008 Panor-

224 4067 365 4138 mitanis
378 4065 553 4140 canonicis
563 4066 726 4141 fidelibus
738 4067 862 4140 nostris
873 4074 907 4139 et
918 4063 1033 4138 eidem
1044 4064 1188 4137 ecclesie
1198 4085 1239 4137 ac
1252 4061 1507 4135 successoribus
1519 4059 1642 4130 vestris

224 4187 379 4286 benigno
400 4192 519 4265 lavore
535 4201 570 4264 et
592 4192 627 4262 in
648 4201 853 4287 perpetuum
875 4189 1099 4262 concedimus
1120 4197 1155 4260 el
1176 4186 1347 4259 donamus
1370 4193 1474 4257 totam
1500 4183 1640 4253 tinctam

225 4323 377 4388 nostram
395 4315 506 4412 ipsius
524 4315 673 4389 civitatis
688 4326 802 4388 nostre
819 4313 1057 4388 Panormitane
1073 4335 1142 4408 que
1157 4311 1195 4383 lit
1213 4321 1247 4383 el
1263 4309 1337 4382 fieri
1358 4307 1506 4404 potuerit
1524 4306 1560 4376 in
1580 4307 1639 4376 lu-

226 4449 304 4513 tnro
326 4463 406 4513 cum
431 4440 573 4514 lundioo
596 4449 631 4512 et
652 4442 745 4513 omni
765 4441 844 4533 jure
868 4449 902 4513 et
927 4439 1083 4512 libertate
1109 4459 1190 4526 sua,
1209 4434 1331 4508 vestris
1350 4444 1384 4505 et
1401 4430 1639 4505 Panormitano

226 4563 371 4636 ecclesie
395 4563 518 4636 usibus
542 4573 578 4636 et
598 4562 788 4637 commodis
811 4563 1042 4658 profuturam,
1063 4561 1217 4632 volentes
1241 4568 1275 4630 ct
1293 4557 1441 4652 presenti
1458 4553 1640 4651 privilegio

227 4685 370 4760 firmiter
387 4695 574 4762 statuentes
591 4697 631 4759 ut
648 4709 769 4762 omnes
787 4687 943 4761 redditus
957 4697 991 4758 et
1008 4694 1194 4781 proventus
1209 4692 1243 4756 et
1258 4681 1373 4755 omnia
1387 4683 1468 4774 jura
1486 4680 1639 4776 ipsorum
