4382 5946
536 549 597 610 ³32
1037 551 1254 614 FlllllllRlCl
1282 550 1456 612 Sllsslllt'lll
1760 549 1839 626 [tiss.
1859 547 1944 610 1214

539 689 635 760 vela
654 685 755 759 uobis
779 695 840 759 eut
865 688 1121 761 successoribus
1137 689 1262 762 uostris
1280 698 1424 762 rocatm
1447 687 1572 778 lucris,
1593 687 1728 760 Dieusis
1744 688 1868 760 civitas
1885 687 1946 760 tilri

536 811 723 908 provideat
736 811 773 883 in
791 813 965 907 expensis.
986 813 1057 886 llec
1069 815 1186 887 omnia
1201 813 1265 886 tibi
1279 823 1315 886 et
1333 823 1391 886 tue
1409 813 1555 886 ecclesie
1570 812 1708 902 damus,
1727 813 1948 886 ccnoedimus

538 947 577 1009 et
593 935 849 1024 confirmamus,
869 937 965 1010 salvo
983 959 1045 1032 per
1063 937 1179 1011 omnia
1200 940 1279 1031 jure
1304 937 1473 1032 imperiali
1498 945 1534 1009 et
1557 957 1621 1008 sua
1638 936 1782 1008 cuilibet
1805 957 1948 1032 persone

539 1071 742 1134 conservata
764 1061 909 1154 justitia.
928 1063 1083 1136 Preterea
1107 1063 1291 1136 statuimus
1317 1071 1358 1134 ut
1380 1061 1512 1158 prelata
1534 1061 1668 1134 Dienais
1691 1061 1813 1134 civitae
1829 1072 1865 1134 et
1886 1083 1948 1136 ec-

540 1187 644 1258 clesia
661 1185 707 1258 de
725 1186 927 1260 liberalitate
949 1207 1085 1260 camere
1100 1195 1215 1258 nostre
1238 1185 1397 1260 decorata
1416 1185 1512 1257 nullo
1535 1207 1689 1279 unquam
1711 1194 1863 1280 temporo
1882 1185 1947 1256 ali-

539 1333 644 1405 quem
676 1321 823 1407 excepto
853 1333 918 1384 suc
945 1310 1105 1406 pontifice
1134 1311 1312 1384 dominum
1343 1310 1471 1384 habeat
1491 1321 1527 1384 et
1558 1331 1806 1406 possessorem,
1836 1320 1947 1404 prewr

539 1439 768 1511 Romanorum
787 1455 906 1532 regem
922 1439 979 1509 vel
996 1437 1257 1534 imperatorem,
1276 1449 1312 1510 et
1331 1447 1369 1510 ut
1390 1437 1485 1508 nulla
1506 1437 1572 1508 elia
1592 1436 1723 1508 laicalis
1740 1455 1885 1530 persona
1900 1433 1947 1507 ad

540 1563 650 1659 ipsius
667 1562 816 1634 civitatis
830 1561 1023 1635 dominium
1036 1562 1166 1657 aspiret
1179 1562 1235 1635 vel
1255 1562 1420 1654 erigatur,
1441 1561 1696 1656 inperpetuum
1713 1561 1820 1654 regali
1837 1559 1948 1632 inter-

539 1687 689 1760 dicimus
705 1685 831 1760 cdicto.
858 1687 1026 1759 Nolumus
1043 1686 1134 1758 enim
1160 1685 1196 1756 in
1222 1687 1424 1758 clericorum
1450 1685 1644 1758 cervicibus
1667 1687 1854 1758 secularem
1879 1685 1947 1758 do·

538 1811 662 1884 minari
684 1817 897 1904 potestatem.
918 1808 973 1882 Ad
1003 1810 1068 1883 hec
1092 1820 1133 1882 ιιι
1149 1812 1281 1905 prelata
1303 1810 1427 1884 civitas
1446 1811 1482 1881 iu
1501 1809 1674 1882 uniuersis
1699 1806 1947 1882 habitatoribus

537 1937 611 2008 cuis
628 1935 803 2008 securiore
818 1934 914 2030 pacis
935 1935 1051 2028 quiete
1072 1957 1207 2030 semper
1225 1935 1345 2008 floreat
1361 1945 1396 2008 et
1413 1933 1576 2028 gaudeat,
1595 1935 1707 2029 ipsum
1730 1935 1943 2030 episcopum,

538 2061 667 2134 clerum
681 2071 717 2133 et
732 2060 899 2154 p‘opulum
916 2069 953 2131 et
968 2060 1129 2131 universa
1146 2081 1217 2154 que
1234 2070 1302 2132 tam
1318 2059 1547 2132 ecclesiastice
1563 2081 1669 2153 quum
1686 2059 1859 2132 seculares
1871 2061 1946 2150 ejus

539 2204 685 2278 persone
706 2182 885 2278 possident
909 2182 997 2255 intra
1021 2183 1195 2255 civitatem
1220 2192 1281 2255 aut
1300 2194 1415 2270 extra,
1435 2183 1471 2254 in
1489 2193 1604 2254 nostre
1620 2181 1845 2276 patrocinium
1866 2205 1945 2278 pro-

538 2307 696 2381 tectionis
720 2307 945 2403 suscipimus,
969 2307 1076 2402 regali
1098 2316 1211 2380 nostre
1227 2307 1439 2380 auctoritatis
1460 2305 1574 2380 edicto
1589 2305 1815 2402 precipientes
1830 2320 1866 2380 et
1882 2307 1946 2378 fir-

538 2433 637 2508 miter
652 2441 839 2504 statuentes
854 2432 991 2527 nequis
1005 2433 1051 2506 de
1066 2441 1179 2506 cetero
1192 2433 1322 2526 prelata
1336 2431 1486 2504 civitatis
1503 2431 1661 2503 homines
1676 2435 1871 2526 superiores
1884 2453 1945 2504 seu

537 2557 729 2648 inferiores,
748 2556 891 2629 clericos
907 2557 963 2629 rel
978 2557 1097 2647 laicos,
1114 2555 1242 2629 audeat
1257 2557 1327 2629 ulla
1342 2555 1508 2630 violentia
1523 2556 1560 2626 in
1577 2556 1734 2652 personis
1750 2577 1868 2630 eorum
1887 2567 1947 2630 aut

535 2681 640 2754 rebus
659 2681 862 2777 perturbare
886 2681 943 2754 vel
964 2679 1108 2774 indigua
1129 2681 1285 2754 molestia
1308 2701 1466 2775 gravene.
1486 2681 1643 2752 Pretcrea
1660 2681 1786 2752 vallem
1810 2681 1855 2754 de
1877 2683 1947 2756 'lo-

536 2827 619 2878 reua
646 2813 680 2878 et
704 2803 874 2900 quicquid
898 2803 1025 2878 nobilis
1049 2805 1172 2877 mulier
1194 2803 1334 2876 lsoarde
1358 2803 1394 2874 in
1418 2804 1617 2899 episcopatu
1645 2813 1705 2876 tuo
1732 2805 1886 2894 tenebat,
1913 2817 1948 2878 et

536 2929 705 3026 quicquid
721 2928 782 3002 lilii
807 2930 883 3021 ejus
902 2929 938 3000 in
957 2928 1081 3002 eodem
1103 2928 1250 3024 adipisci
1269 2937 1446 3024 poterunt,
1467 2929 1556 3000 sicut
1579 2928 1654 3023 ipsu
1682 2949 1796 3000 coram
1817 2929 1948 3024 prede-

537 3074 672 3130 cessore
685 3063 745 3128 tuo
761 3054 948 3126 llumberto
967 3055 1169 3149 recognovit
1193 3055 1230 3126 iu
1247 3054 1320 3128 vita
1336 3073 1401 3127 sua
1418 3065 1453 3127 et
1469 3055 1574 3128 etiam
1591 3075 1706 3126 coram
1719 3065 1766 3144 tc,
1783 3065 1818 3128 at
1832 3065 1946 3149 postea

537 3179 600 3256 lilii
619 3179 696 3272 elus
709 3187 787 3274 post
804 3187 947 3252 mortem
966 3178 1085 3252 matris
1103 3199 1217 3251 coram
1237 3187 1270 3252 te
1285 3178 1542 3270 mursensem,
1558 3176 1605 3250 de
1622 3177 1777 3252 dominio
1795 3189 1855 3250 tuo
1871 3197 1947 3251 essa

536 3305 701 3378 volumus
717 3311 753 3378 ct
769 3301 1011 3394 concedimus,
1031 3314 1067 3377 et
1086 3303 1149 3378 tibi
1168 3313 1203 3378 et
1224 3303 1484 3378 successoribus
1501 3303 1571 3376 tuis
1585 3305 1665 3396 jure
1681 3313 1849 3400 perpetuo
1864 3325 1947 3376 con-

537 3428 727 3502 firmamus.
752 3429 789 3502 Si
818 3427 898 3523 quis
924 3437 1040 3502 autem
1069 3429 1251 3502 temerario
1280 3448 1370 3501 ausu
1401 3426 1484 3500 huic
1510 3437 1625 3501 nostre
1654 3427 1887 3501 constitutioni
1914 3438 1949 3500 et

537 3553 701 3628 mundato
723 3553 892 3626 contraire
917 3553 1186 3649 presumpserit,
1216 3573 1305 3648 pena
1329 3561 1468 3625 cautum
1492 3551 1658 3624 librarum
1687 3551 1763 3624 auri
1788 3551 1848 3624 sit·
1861 3571 1948 3624 ocn-

538 3677 762 3771 dempuatus;
783 3697 933 3772 quarum
959 3677 1128 3751 medietas
1150 3675 1234 3750 fisco
1252 3685 1368 3750 nostro
1387 3677 1566 3768 inseratur,
1586 3675 1719 3770 reliqua
1735 3675 1897 3771 episcopo
1915 3685 1949 3748 et

538 3799 683 3876 ecclesie
700 3800 816 3872 Iliensi
838 3801 1080 3896 persolvenda.
1100 3801 1144 3874 Ut
1165 3809 1281 3874 autam
1299 3799 1366 3872 hec
1385 3809 1501 3872 nostra
1517 3799 1659 3873 donatio
1677 3809 1713 3872 et
1737 3797 1948 3872 confirmatio

537 3939 573 4000 et
591 3923 770 4022 patrocinii
788 3924 969 4000 clementia
987 3925 1167 4022 episcopo,
1187 3925 1331 3998 ecclesie
1346 3933 1382 3997 et
1403 3923 1533 3996 civitati
1552 3922 1668 3996 llieusi
1688 3933 1762 3996 rata
1786 3922 1949 4017 deinceps

539 4061 575 4126 et
601 4050 806 4124 inconvulsa
828 4057 997 4146 perpetuo
1020 4059 1176 4142 maneat,
1203 4059 1395 4144 presentem
1420 4047 1593 4144 privilegii
1620 4047 1783 4144 paginam
1806 4047 1949 4120 lecimus

539 4174 624 4250 iude
645 4174 815 4248 conscribi
834 4184 869 4248 et
884 4195 990 4250 aurea
1013 4171 1108 4249 bulla
1128 4175 1174 4248 de
1195 4173 1276 4271 (sic)
1303 4185 1418 4248 nostre
1443 4173 1630 4266 mnjeatatis
1643 4173 1757 4268 sigillo
1776 4171 1947 4265 insigniri.

552 4379 555 4386 Δ
590 4303 701 4394 Hujus
724 4300 775 4374 rei
793 4309 897 4374 testes
915 4310 998 4374 sunt
1018 4299 1197 4374 lidericus
1214 4299 1433 4374 urererensn
1456 4297 1754 4394 archiepiscopus,
1775 4297 1950 4370 Amedeus

542 4425 762 4498 Bisunctinus
778 4423 1073 4522 archiepiscopus,
1088 4424 1268 4498 Conradus
1280 4423 1548 4497 Constantiensis
1561 4423 1756 4518 episcopus,
1767 4423 1951 4494 llenrricus

541 4546 803 4640 Argentineusis
832 4547 1036 4644 episcopus,
1062 4548 1244 4621 Valtherus
1269 4545 1466 4620 Basilicusis
1489 4547 1639 4636 electus,
1668 4543 1853 4618 Gaulridus
1877 4544 1951 4616 Tri·

541 4671 712 4746 castrinus
729 4671 929 4770 episcopus,
951 4673 1030 4746 Otto
1048 4673 1124 4746 dux
1144 4673 1313 4765 Meranie,
1334 4693 1451 4746 comes
1467 4666 1670 4768 liudolphus
1693 4669 1739 4744 de
1755 4671 1948 4766 llauspurc,
