4334 5980
240 548 338 607 lnnrer.
357 540 396 625 1.]
691 538 891 600 HISTORIA
915 539 1208 602 DlPLOMA'l'lCA.
1593 545 1650 609 231

241 689 320 756 vert
335 679 372 751 iu
399 676 578 752 dominum
604 685 639 749 et
665 699 780 771 regem
801 679 1031 750 Romanorum
1056 677 1267 751 uniformiter
1290 679 1474 774 elegimus3
1501 681 1546 753 ab
1572 681 1656 757 inde

242 803 468 900 procedentes
494 801 532 874 in
558 801 718 897 proxima
742 801 916 875 dominica
937 803 1169 898 subsequente
1186 802 1239 900 (t)
1257 803 1353 899 apud
1375 805 1587 899 Magantiam
1609 807 1655 881 ab

243 927 502 1023 archiepiscopo
526 925 746 1018 Maguntiuo,
771 935 893 1018 rogatu
918 927 1051 1000 domini
1082 927 1293 1000 Coloniensis
1319 930 1588 1028 archiepiscopi,
1620 935 1655 1006 in

241 1055 474 1127 Romanorum
483 1072 599 1145 regem
618 1059 670 1123 est
686 1051 969 1147 solempnissims,
984 1064 1087 1148 prout
1098 1053 1214 1129 decuit
1231 1064 1266 1128 et
1280 1057 1444 1152 oportuit,
1458 1068 1652 1152 coronatus,

243 1175 442 1251 fidelitatem
460 1175 654 1272 peremnia
673 1174 843 1248 iaciendo.
865 1175 1040 1250 Celebrate
1059 1179 1177 1273 itaque
1191 1180 1357 1253 electione
1373 1183 1467 1278 apud
1484 1171 1657 1256 Frankenss

243 1310 334 1394 rort,
357 1321 422 1373 nos
437 1321 508 1372 una
525 1320 604 1371 eum
624 1299 746 1372 ceteris
763 1300 977 1395 principibus
993 1291 1148 1399 imperii,
1169 1305 1344 1406 nobilibus
1361 1327 1501 1401 quoque
1519 1315 1553 1379 et
1578 1330 1657 1381 ma-

244 1425 407 1520 gnatibus
424 1423 486 1518 qui
504 1422 550 1496 ud
571 1422 761 1518 predictam
787 1425 918 1496 curiam
942 1437 1154 1501 accesserant
1179 1427 1248 1502 tide
1269 1427 1468 1527 interposita
1492 1453 1658 1528 compro-

244 1550 403 1622 misimus
423 1547 519 1642 quod
543 1547 573 1620 si
603 1548 717 1622 dictus
742 1547 903 1622 domiuus
927 1559 1042 1622 noster
1060 1553 1099 1623 F.
1122 1553 1351 1626 Romanorum
1370 1575 1441 1627 rex
1462 1564 1497 1627 et
1522 1577 1657 1652 semper

244 1681 413 1768 augustus
430 1672 476 1744 ab
493 1672 560 1745 hac
582 1673 654 1745 vitu
673 1673 874 1764 decesserit,
897 1674 993 1769 quod
1009 1677 1101 1748 Deus
1124 1685 1273 1763 avertat,
1294 1677 1473 1752 dominum
1498 1679 1655 1754 Ottonem

245 1797 377 1870 dictum
401 1797 640 1892 imperatorem
663 1819 842 1892 nunquam
864 1799 920 1870 vel
945 1820 1006 1894 pro
1030 1798 1171 1874 domino
1195 1803 1251 1874 vel
1273 1824 1334 1898 pro
1358 1805 1515 1898 regeret
1539 1807 1656 1901 imps-

245 1930 357 1994 ratore
379 1921 455 1993 sive
471 1929 603 1993 rectore
621 1921 839 2016 recipiemus.
861 1921 1076 2021 Quapropter
1092 1926 1330 2001 excellentiam
1353 1925 1502 2002 v'estram
1524 1929 1569 2002 de
1586 1951 1656 2024 qua

245 2043 346 2115 nobis
370 2043 443 2138 spei
469 2052 504 2116 et
528 2041 656 2116 fiducie
682 2044 869 2139 plurimum
894 2045 1039 2140 arridet,
1063 2050 1157 2120 omni
1176 2073 1246 2145 qua
1263 2073 1448 2146 possumus
1473 2052 1656 2127 devotione

246 2167 414 2241 duximus
436 2167 650 2242 exorandam
674 2169 840 2263 quatinus
863 2169 898 2240 in
917 2169 1026 2266 ipsius
1050 2175 1263 2268 promotione
1278 2176 1469 2274 ,consitium
1490 2185 1525 2250 et
1549 2180 1655 2251 auxi-

246 2290 331 2362 lium
357 2301 566 2387 oportunum
595 2291 709 2374 velitis¹
732 2293 892 2387 adibere,
917 2303 956 2367 ut
978 2317 1041 2369 nos
1067 2299 1211 2393 perinde
1239 2322 1319 2372 eum
1335 2301 1416 2398 ipso
1437 2311 1471 2375 et
1493 2325 1555 2405 pro
1578 2305 1654 2401 ipso

245 2413 348 2488 vobis
363 2435 498 2512 semper
515 2415 635 2489 merito
652 2415 842 2490 debeamus
858 2437 934 2492 esse
949 2419 1106 2515 obligati.

299 3060 530 3168 FridericuS,
551 3061 810 3146 Romanorum
828 3088 913 3170 rex,
933 3062 1177 3146 donationem
1198 3061 1396 3172 hospitalis
1413 3061 1462 3145 de
1478 3059 1653 3170 Ellingen
1695 3083 1846 3190 ΜΟειπιῗιιιειιω,

247 3194 424 3279 ecelesiae
442 3197 490 3279 de
507 3196 804 3306 Perthersgaden
824 3196 873 3280 ab
888 3221 958 3280 avo
975 3204 1013 3278 et
1029 3206 1136 3306 patre
1154 3222 1224 3281 suo
1244 3195 1382 3280 factem
1399 3203 1522 3278 ratam
1540 3193 1656 3276 habet
1690 3191 1853 3237 neema..

245 3337 285 3412 et
300 3327 514 3414 confirmat.

329 3541 421 3623 (sunt.
437 3561 486 3622 up.
504 3541 725 3606 otatataect.
736 3541 899 3624 mdtosttr
917 3540 1019 3607 ceteri.
1037 3543 1274 3619 Gaclt,t.X11,
1290 3559 1357 3622 pars
1368 3544 1414 3620 Π,
1429 3561 1459 3622 p.
1476 3551 1535 3605 2²4
1546 3541 1653 3624 (Mun-

366 3648 618 3730 ehen,1851),ex
639 3653 775 3730 ortgtnutt
795 3653 876 3730 quod
899 3653 977 3731 apud
995 3652 1187 3714 Monueblum
1206 3659 1383 3726 asservatur,
1399 3657 1429 3714 st
1441 3656 1527 3732 cujus
1539 3655 1654 3732 copiam

366 3757 829 3838 etvtrstaettnusnobisfectt.)
1542 3765 1546 3772 '

295 3941 496 4016 Fredericus
511 3944 574 4016 Dei
592 3945 702 4040 gratia
714 3945 944 4020 Romanorum
962 3967 1040 4039 rex,
1052 3967 1186 4042 semper
1202 3955 1373 4040 augustus
1388 3953 1422 4019 et
1437 3969 1501 4020 rex
1514 3945 1650 4040 Syeitie.

246 4059 378 4140 Notum
392 4067 436 4140 sit
453 4069 625 4142 universis
641 4079 711 4141 tam
729 4069 852 4142 futuris
864 4083 966 4166 quam
985 4070 1203 4167 presentibus
1222 4069 1413 4166 quodcum
1431 4091 1519 4144 avus
1535 4079 1652 4143 noster

245 4191 447 4265 Fredericus
474 4199 508 4265 et
531 4201 628 4290 pater
655 4201 767 4266 noster
794 4193 976 4267 Heinricns
1009 4195 1238 4268 Romanorum
1271 4195 1492 4290 imperatores
1521 4214 1654 4288 semper

248 4498 383 4556 concinnit
396 4500 515 4572 veritati,
531 4500 568 4557 ita
587 4499 708 4558 loeutus:
723 4521 736 4556 α
752 4503 820 4561 tm
836 4500 946 4559 infesto
960 4501 1048 4560 sancti
1058 4501 1162 4560 Nicolai
1178 4501 1204 4578 (6
1217 4500 1351 4574 decemb.)
1362 4502 1512 4561 Fridericus
1522 4519 1570 4561 rex
1586 4503 1657 4563 Sici-

250 4615 265 4649 »
280 4595 332 4655 liae
343 4598 451 4656 intravit
464 4615 575 4673 regnum
588 4600 673 4673 patris
687 4600 743 4672 sui,
757 4599 858 4657 electus
872 4597 1093 4657 Francnenrurt.»
1103 4601 1155 4675 Ap.
1167 4601 1309 4670 bonnm,
1321 4601 1425 4670 Fontes,
1440 4601 1474 4672 11,
1487 4605 1538 4660 ³80
1552 4607 1580 4660 et
1594 4602 1655 4659 tes.

284 4693 320 4769 (t)
339 4696 445 4755 Scilicet
459 4701 475 4755 9
490 4697 654 4771 decembris,
670 4715 732 4757 enm
746 4699 864 4758 Paschae
874 4699 926 4758 boo
939 4715 1010 4757 enno
1025 4699 1052 4756 in
1066 4698 1138 4757 diem
1151 4701 1186 4758 25
1198 4698 1286 4758 martii
1298 4699 1446 4758 inciderint.
