<?xml version="1.0" encoding="UTF-8"?>
<!DOCTYPE html PUBLIC "-//W3C//DTD XHTML 1.0 Transitional//EN"
    "http://www.w3.org/TR/xhtml1/DTD/xhtml1-transitional.dtd">
<html xmlns="http://www.w3.org/1999/xhtml" xml:lang="en" lang="en">
 <head>
  <title>
</title>
<meta http-equiv="Content-Type" content="text/html;charset=utf-8" />
  <meta name='ocr-system' content='tesseract 3.04.00' />
  <meta name='ocr-capabilities' content='ocr_page ocr_carea ocr_par ocr_line ocrx_word'/>
</head>
<body>
  <div class='ocr_page' id='page_1' title='image "./historiadiploma06fredgoog_0232.png"; bbox 0 0 4334 5980; ppageno 0'>
   <div class='ocr_carea' id='block_1_1' title="bbox 221 544 1635 784">
    <p class='ocr_par' dir='ltr' id='par_1_1' title="bbox 221 544 1635 784">
     <span class='ocr_line' id='line_1_1' title="bbox 221 544 1635 636; baseline -0.007 -22"><span class='ocrx_word' id='word_1_1' title='bbox 221 554 324 614; x_wconf 70' lang='lat' dir='ltr'><strong>batur.</strong></span> <span class='ocrx_word' id='word_1_2' title='bbox 343 549 404 636; x_wconf 70' lang='lat' dir='ltr'><strong>le]</strong></span> <span class='ocrx_word' id='word_1_3' title='bbox 674 549 870 610; x_wconf 79' lang='lat' dir='ltr'>HISTORIA</span> <span class='ocrx_word' id='word_1_4' title='bbox 896 546 1185 608; x_wconf 73' lang='lat' dir='ltr'><strong>DIPLOMATICA.</strong></span> <span class='ocrx_word' id='word_1_5' title='bbox 1576 544 1635 604; x_wconf 78' lang='lat'><strong>213</strong></span> 
     </span>
     <span class='ocr_line' id='line_1_2' title="bbox 223 679 1633 784; baseline -0.004 -24"><span class='ocrx_word' id='word_1_6' title='bbox 223 687 368 784; x_wconf 80' lang='lat' dir='ltr'><strong>spinule</strong></span> <span class='ocrx_word' id='word_1_7' title='bbox 386 695 421 760; x_wconf 92' lang='lat' dir='ltr'><strong>et</strong></span> <span class='ocrx_word' id='word_1_8' title='bbox 438 687 601 758; x_wconf 86' lang='lat' dir='ltr'><strong>Serleono</strong></span> <span class='ocrx_word' id='word_1_9' title='bbox 619 684 749 780; x_wconf 90' lang='lat' dir='ltr'><strong>Piperi‚</strong></span> <span class='ocrx_word' id='word_1_10' title='bbox 766 683 1011 780; x_wconf 78' lang='lat' dir='ltr'><strong>recipientibus</strong></span> <span class='ocrx_word' id='word_1_11' title='bbox 1026 683 1166 755; x_wconf 90' lang='lat' dir='ltr'><strong>nomine</strong></span> <span class='ocrx_word' id='word_1_12' title='bbox 1187 681 1297 776; x_wconf 88' lang='lat' dir='ltr'><strong>ipsios</strong></span> <span class='ocrx_word' id='word_1_13' title='bbox 1315 679 1518 766; x_wconf 85' lang='lat' dir='ltr'><strong>eommunis,</strong></span> <span class='ocrx_word' id='word_1_14' title='bbox 1537 680 1633 775; x_wconf 89' lang='lat' dir='ltr'><strong>quod</strong></span> 
     </span>
    </p>
   </div>
   <div class='ocr_carea' id='block_1_2' title="bbox 220 803 1635 4008">
    <p class='ocr_par' dir='ltr' id='par_1_2' title="bbox 221 803 1635 3640">
     <span class='ocr_line' id='line_1_3' title="bbox 224 803 1632 906; baseline -0.006 -21"><span class='ocrx_word' id='word_1_15' title='bbox 224 822 407 906; x_wconf 86' lang='lat' dir='ltr'><strong>postquam</strong></span> <span class='ocrx_word' id='word_1_16' title='bbox 429 810 606 884; x_wconf 85' lang='lat' dir='ltr'><strong>Romanus</strong></span> <span class='ocrx_word' id='word_1_17' title='bbox 622 808 807 904; x_wconf 86' lang='lat' dir='ltr'><strong>imperator</strong></span> <span class='ocrx_word' id='word_1_18' title='bbox 821 809 932 900; x_wconf 85' lang='lat' dir='ltr'><strong>fuero,</strong></span> <span class='ocrx_word' id='word_1_19' title='bbox 954 803 1346 900; x_wconf 78' lang='lat' dir='ltr'><strong>intrantesqaindecim</strong></span> <span class='ocrx_word' id='word_1_20' title='bbox 1361 825 1493 898; x_wconf 82' lang='lat' dir='ltr'><strong>exque</strong></span> <span class='ocrx_word' id='word_1_21' title='bbox 1508 804 1632 898; x_wconf 88' lang='lat' dir='ltr'><strong>requi-</strong></span> 
     </span>
     <span class='ocr_line' id='line_1_4' title="bbox 223 926 1633 1024; baseline -0.006 -18"><span class='ocrx_word' id='word_1_22' title='bbox 223 934 312 1006; x_wconf 86' lang='lat' dir='ltr'><strong>situs</strong></span> <span class='ocrx_word' id='word_1_23' title='bbox 329 935 426 1006; x_wconf 79' lang='lat' dir='ltr'><strong>tuero</strong></span> <span class='ocrx_word' id='word_1_24' title='bbox 445 954 465 1004; x_wconf 90' lang='lat' dir='ltr'><strong>a</strong></span> <span class='ocrx_word' id='word_1_25' title='bbox 486 930 662 1004; x_wconf 85' lang='lat' dir='ltr'><strong>communi</strong></span> <span class='ocrx_word' id='word_1_26' title='bbox 678 931 787 1002; x_wconf 84' lang='lat' dir='ltr'><strong>Jauue</strong></span> <span class='ocrx_word' id='word_1_27' title='bbox 807 931 863 1002; x_wconf 87' lang='lat' dir='ltr'><strong>vel</strong></span> <span class='ocrx_word' id='word_1_28' title='bbox 883 931 1063 1024; x_wconf 86' lang='lat' dir='ltr'><strong>abaliquo</strong></span> <span class='ocrx_word' id='word_1_29' title='bbox 1080 939 1174 1002; x_wconf 85' lang='lat' dir='ltr'><strong>certo</strong></span> <span class='ocrx_word' id='word_1_30' title='bbox 1192 928 1297 1000; x_wconf 89' lang='lat' dir='ltr'><strong>misso</strong></span> <span class='ocrx_word' id='word_1_31' title='bbox 1315 926 1425 1022; x_wconf 86' lang='lat' dir='ltr'><strong>ipsius</strong></span> <span class='ocrx_word' id='word_1_32' title='bbox 1441 927 1633 998; x_wconf 86' lang='lat' dir='ltr'><strong>eommunis</strong></span> 
     </span>
     <span class='ocr_line' id='line_1_5' title="bbox 223 1050 1634 1148; baseline -0.006 -18"><span class='ocrx_word' id='word_1_33' title='bbox 223 1055 271 1130; x_wconf 89' lang='lat' dir='ltr'><strong>ad</strong></span> <span class='ocrx_word' id='word_1_34' title='bbox 289 1056 355 1130; x_wconf 88' lang='lat' dir='ltr'><strong>hoo</strong></span> <span class='ocrx_word' id='word_1_35' title='bbox 369 1055 565 1142; x_wconf 71' lang='lat' dir='ltr'><strong>antistitum,</strong></span> <span class='ocrx_word' id='word_1_36' title='bbox 584 1051 795 1126; x_wconf 79' lang='lat' dir='ltr'><strong>oonfirmabo</strong></span> <span class='ocrx_word' id='word_1_37' title='bbox 811 1055 986 1126; x_wconf 90' lang='lat' dir='ltr'><strong>oommuni</strong></span> <span class='ocrx_word' id='word_1_38' title='bbox 1004 1055 1116 1127; x_wconf 89' lang='lat' dir='ltr'><strong>Janue</strong></span> <span class='ocrx_word' id='word_1_39' title='bbox 1134 1051 1249 1124; x_wconf 88' lang='lat' dir='ltr'><strong>omnia</strong></span> <span class='ocrx_word' id='word_1_40' title='bbox 1270 1050 1469 1148; x_wconf 82' lang='lat' dir='ltr'><strong>privilegia,</strong></span> <span class='ocrx_word' id='word_1_41' title='bbox 1491 1071 1634 1122; x_wconf 87' lang='lat' dir='ltr'><strong>oouoes-</strong></span> 
     </span>
     <span class='ocr_line' id='line_1_6' title="bbox 224 1159 1634 1272; baseline -0.005 -18"><span class='ocrx_word' id='word_1_42' title='bbox 224 1180 355 1269; x_wconf 74' lang='lat' dir='ltr'><strong>aiones,</strong></span> <span class='ocrx_word' id='word_1_43' title='bbox 382 1179 629 1252; x_wconf 88' lang='lat' dir='ltr'><strong>oonventiones</strong></span> <span class='ocrx_word' id='word_1_44' title='bbox 646 1186 682 1250; x_wconf 93' lang='lat' dir='ltr'><strong>et</strong></span> <span class='ocrx_word' id='word_1_45' title='bbox 705 1175 909 1250; x_wconf 81' lang='lat' dir='ltr'><strong>donationes</strong></span> <span class='ocrx_word' id='word_1_46' title='bbox 933 1199 1003 1272; x_wconf 90' lang='lat' dir='ltr'><strong>que</strong></span> <span class='ocrx_word' id='word_1_47' title='bbox 1025 1185 1060 1251; x_wconf 90' lang='lat' dir='ltr'><strong>et</strong></span> <span class='ocrx_word' id='word_1_48' title='bbox 1076 1199 1163 1272; x_wconf 88' lang='lat' dir='ltr'><strong>quas</strong></span> <span class='ocrx_word' id='word_1_49' title='bbox 1179 1159 1353 1250; x_wconf 78' lang='lat' dir='ltr'><strong>oomniuni</strong></span> <span class='ocrx_word' id='word_1_50' title='bbox 1377 1175 1486 1246; x_wconf 85' lang='lat' dir='ltr'><strong>Ianne</strong></span> <span class='ocrx_word' id='word_1_51' title='bbox 1508 1195 1634 1269; x_wconf 87' lang='lat' dir='ltr'><strong>prece-</strong></span> 
     </span>
     <span class='ocr_line' id='line_1_7' title="bbox 225 1299 1635 1397; baseline -0.007 -18"><span class='ocrx_word' id='word_1_52' title='bbox 225 1303 348 1379; x_wconf 83' lang='lat' dir='ltr'><strong>dentes</strong></span> <span class='ocrx_word' id='word_1_53' title='bbox 370 1303 592 1397; x_wconf 85' lang='lat' dir='ltr'><strong>imperatorea</strong></span> <span class='ocrx_word' id='word_1_54' title='bbox 617 1311 859 1375; x_wconf 88' lang='lat' dir='ltr'><strong>oonoesserunt</strong></span> <span class='ocrx_word' id='word_1_55' title='bbox 877 1311 913 1376; x_wconf 87' lang='lat' dir='ltr'><strong>et</strong></span> <span class='ocrx_word' id='word_1_56' title='bbox 931 1300 1103 1376; x_wconf 90' lang='lat' dir='ltr'><strong>dederunt</strong></span> <span class='ocrx_word' id='word_1_57' title='bbox 1120 1310 1224 1395; x_wconf 90' lang='lat' dir='ltr'><strong>atque</strong></span> <span class='ocrx_word' id='word_1_58' title='bbox 1245 1301 1411 1373; x_wconf 85' lang='lat' dir='ltr'><strong>ieoeruut.</strong></span> <span class='ocrx_word' id='word_1_59' title='bbox 1439 1299 1524 1370; x_wconf 88' lang='lat' dir='ltr'><strong>Item</strong></span> <span class='ocrx_word' id='word_1_60' title='bbox 1547 1319 1635 1371; x_wconf 90' lang='lat' dir='ltr'><strong>oon-</strong></span> 
     </span>
     <span class='ocr_line' id='line_1_8' title="bbox 225 1423 1632 1500; baseline -0.003 0"><span class='ocrx_word' id='word_1_61' title='bbox 225 1426 439 1500; x_wconf 87' lang='lat' dir='ltr'><strong>iirmabimus</strong></span> <span class='ocrx_word' id='word_1_62' title='bbox 463 1436 499 1498; x_wconf 90' lang='lat' dir='ltr'><strong>et</strong></span> <span class='ocrx_word' id='word_1_63' title='bbox 526 1425 688 1500; x_wconf 78' lang='lat' dir='ltr'><strong>dabimus</strong></span> <span class='ocrx_word' id='word_1_64' title='bbox 717 1425 891 1500; x_wconf 86' lang='lat' dir='ltr'><strong>eommuni</strong></span> <span class='ocrx_word' id='word_1_65' title='bbox 921 1427 1032 1500; x_wconf 82' lang='lat' dir='ltr'><strong>ianne</strong></span> <span class='ocrx_word' id='word_1_66' title='bbox 1059 1434 1206 1498; x_wconf 85' lang='lat' dir='ltr'><strong>oestrum</strong></span> <span class='ocrx_word' id='word_1_67' title='bbox 1237 1423 1401 1497; x_wconf 82' lang='lat' dir='ltr'><strong>Roniiaoii</strong></span> <span class='ocrx_word' id='word_1_68' title='bbox 1425 1433 1459 1496; x_wconf 90' lang='lat' dir='ltr'><strong>at</strong></span> <span class='ocrx_word' id='word_1_69' title='bbox 1482 1431 1632 1496; x_wconf 84' lang='lat' dir='ltr'><strong>cestrum</strong></span> 
     </span>
     <span class='ocr_line' id='line_1_9' title="bbox 223 1547 1633 1646; baseline -0.004 -22"><span class='ocrx_word' id='word_1_70' title='bbox 223 1550 355 1626; x_wconf 87' lang='lat' dir='ltr'><strong>Paliodi</strong></span> <span class='ocrx_word' id='word_1_71' title='bbox 375 1547 422 1646; x_wconf 87' lang='lat' dir='ltr'><strong>(a)</strong></span> <span class='ocrx_word' id='word_1_72' title='bbox 445 1559 479 1626; x_wconf 90' lang='lat' dir='ltr'><strong>et</strong></span> <span class='ocrx_word' id='word_1_73' title='bbox 502 1550 703 1624; x_wconf 85' lang='lat' dir='ltr'><strong>Serravaliis</strong></span> <span class='ocrx_word' id='word_1_74' title='bbox 730 1571 809 1622; x_wconf 87' lang='lat' dir='ltr'><strong>oum</strong></span> <span class='ocrx_word' id='word_1_75' title='bbox 832 1549 995 1624; x_wconf 89' lang='lat' dir='ltr'><strong>omnibns</strong></span> <span class='ocrx_word' id='word_1_76' title='bbox 1020 1547 1251 1645; x_wconf 84' lang='lat' dir='ltr'><strong>pertinentiis,</strong></span> <span class='ocrx_word' id='word_1_77' title='bbox 1273 1547 1572 1640; x_wconf 81' lang='lat' dir='ltr'><strong>jurisdictionibus</strong></span> <span class='ocrx_word' id='word_1_78' title='bbox 1598 1557 1633 1620; x_wconf 91' lang='lat' dir='ltr'><strong>at</strong></span> 
     </span>
     <span class='ocr_line' id='line_1_10' title="bbox 224 1671 1632 1770; baseline -0.006 -20"><span class='ocrx_word' id='word_1_79' title='bbox 224 1676 330 1750; x_wconf 75' lang='lat' dir='ltr'><strong>audis</strong></span> <span class='ocrx_word' id='word_1_80' title='bbox 346 1685 451 1770; x_wconf 86' lang='lat' dir='ltr'><strong>atque</strong></span> <span class='ocrx_word' id='word_1_81' title='bbox 472 1675 679 1750; x_wconf 81' lang='lat' dir='ltr'><strong>castellaniis</strong></span> <span class='ocrx_word' id='word_1_82' title='bbox 696 1675 742 1748; x_wconf 92' lang='lat' dir='ltr'><strong>ad</strong></span> <span class='ocrx_word' id='word_1_83' title='bbox 764 1674 840 1770; x_wconf 89' lang='lat' dir='ltr'><strong>ipsa</strong></span> <span class='ocrx_word' id='word_1_84' title='bbox 862 1683 972 1746; x_wconf 76' lang='lat' dir='ltr'><strong>onsaa</strong></span> <span class='ocrx_word' id='word_1_85' title='bbox 991 1672 1260 1770; x_wconf 86' lang='lat' dir='ltr'><strong>pertinentibus,</strong></span> <span class='ocrx_word' id='word_1_86' title='bbox 1278 1681 1316 1744; x_wconf 94' lang='lat' dir='ltr'><strong>ut</strong></span> <span class='ocrx_word' id='word_1_87' title='bbox 1338 1672 1540 1744; x_wconf 76' lang='lat' dir='ltr'><strong>anctoritate</strong></span> <span class='ocrx_word' id='word_1_88' title='bbox 1562 1671 1632 1743; x_wconf 89' lang='lat' dir='ltr'><strong>im·-</strong></span> 
     </span>
     <span class='ocr_line' id='line_1_11' title="bbox 227 1795 1634 1895; baseline -0.003 -23"><span class='ocrx_word' id='word_1_89' title='bbox 227 1799 345 1894; x_wconf 91' lang='lat' dir='ltr'><strong>periali</strong></span> <span class='ocrx_word' id='word_1_90' title='bbox 367 1799 459 1872; x_wconf 91' lang='lat' dir='ltr'><strong>dicta</strong></span> <span class='ocrx_word' id='word_1_91' title='bbox 481 1808 592 1872; x_wconf 88' lang='lat' dir='ltr'><strong>castra</strong></span> <span class='ocrx_word' id='word_1_92' title='bbox 614 1819 694 1870; x_wconf 88' lang='lat' dir='ltr'><strong>oum</strong></span> <span class='ocrx_word' id='word_1_93' title='bbox 713 1797 875 1895; x_wconf 82' lang='lat' dir='ltr'><strong>predictis</strong></span> <span class='ocrx_word' id='word_1_94' title='bbox 897 1799 1059 1872; x_wconf 84' lang='lat' dir='ltr'><strong>omnibus</strong></span> <span class='ocrx_word' id='word_1_95' title='bbox 1081 1795 1128 1870; x_wconf 92' lang='lat' dir='ltr'><strong>ad</strong></span> <span class='ocrx_word' id='word_1_96' title='bbox 1151 1798 1226 1894; x_wconf 86' lang='lat' dir='ltr'><strong>ipse</strong></span> <span class='ocrx_word' id='word_1_97' title='bbox 1250 1805 1360 1870; x_wconf 86' lang='lat' dir='ltr'><strong>eastra</strong></span> <span class='ocrx_word' id='word_1_98' title='bbox 1383 1797 1634 1892; x_wconf 84' lang='lat' dir='ltr'><strong>pertinentibus</strong></span> 
     </span>
     <span class='ocr_line' id='line_1_12' title="bbox 223 1921 1632 2020; baseline -0.003 -24"><span class='ocrx_word' id='word_1_99' title='bbox 223 1931 258 1996; x_wconf 90' lang='lat' dir='ltr'><strong>et</strong></span> <span class='ocrx_word' id='word_1_100' title='bbox 273 1922 351 1995; x_wconf 84' lang='lat' dir='ltr'><strong>aliis</strong></span> <span class='ocrx_word' id='word_1_101' title='bbox 363 1945 434 2018; x_wconf 91' lang='lat' dir='ltr'><strong>que</strong></span> <span class='ocrx_word' id='word_1_102' title='bbox 451 1921 497 1996; x_wconf 87' lang='lat' dir='ltr'><strong>ad</strong></span> <span class='ocrx_word' id='word_1_103' title='bbox 516 1923 592 2020; x_wconf 91' lang='lat' dir='ltr'><strong>ipsa</strong></span> <span class='ocrx_word' id='word_1_104' title='bbox 612 1932 723 1995; x_wconf 84' lang='lat' dir='ltr'><strong>caetra</strong></span> <span class='ocrx_word' id='word_1_105' title='bbox 748 1923 918 2018; x_wconf 85' lang='lat' dir='ltr'><strong>pertinent</strong></span> <span class='ocrx_word' id='word_1_106' title='bbox 929 1923 1008 2015; x_wconf 90' lang='lat' dir='ltr'><strong>jore</strong></span> <span class='ocrx_word' id='word_1_107' title='bbox 1028 1922 1165 2018; x_wconf 92' lang='lat' dir='ltr'><strong>proprio</strong></span> <span class='ocrx_word' id='word_1_108' title='bbox 1190 1922 1316 1994; x_wconf 88' lang='lat' dir='ltr'><strong>habeat</strong></span> <span class='ocrx_word' id='word_1_109' title='bbox 1340 1930 1375 1993; x_wconf 86' lang='lat' dir='ltr'><strong>et</strong></span> <span class='ocrx_word' id='word_1_110' title='bbox 1402 1930 1529 1994; x_wconf 85' lang='lat' dir='ltr'><strong>teneat.</strong></span> <span class='ocrx_word' id='word_1_111' title='bbox 1549 1922 1632 1992; x_wconf 87' lang='lat' dir='ltr'><strong>ltem</strong></span> 
     </span>
     <span class='ocr_line' id='line_1_13' title="bbox 223 2045 1633 2143; baseline -0.002 -24"><span class='ocrx_word' id='word_1_112' title='bbox 223 2045 387 2119; x_wconf 82' lang='lat' dir='ltr'><strong>dabimus</strong></span> <span class='ocrx_word' id='word_1_113' title='bbox 408 2049 540 2143; x_wconf 83' lang='lat' dir='ltr'><strong>pretato</strong></span> <span class='ocrx_word' id='word_1_114' title='bbox 555 2045 731 2120; x_wconf 80' lang='lat' dir='ltr'><strong>communi</strong></span> <span class='ocrx_word' id='word_1_115' title='bbox 748 2047 859 2118; x_wconf 80' lang='lat' dir='ltr'><strong>Ianne</strong></span> <span class='ocrx_word' id='word_1_116' title='bbox 878 2046 915 2119; x_wconf 92' lang='lat' dir='ltr'><strong>in</strong></span> <span class='ocrx_word' id='word_1_117' title='bbox 938 2046 1080 2120; x_wconf 78' lang='lat' dir='ltr'><strong>seudum</strong></span> <span class='ocrx_word' id='word_1_118' title='bbox 1102 2045 1238 2120; x_wconf 87' lang='lat' dir='ltr'><strong>iodrum</strong></span> <span class='ocrx_word' id='word_1_119' title='bbox 1258 2055 1365 2118; x_wconf 90' lang='lat' dir='ltr'><strong>totum</strong></span> <span class='ocrx_word' id='word_1_120' title='bbox 1383 2045 1459 2117; x_wconf 87' lang='lat' dir='ltr'><strong>sive</strong></span> <span class='ocrx_word' id='word_1_121' title='bbox 1475 2046 1535 2138; x_wconf 89' lang='lat' dir='ltr'><strong>jus</strong></span> <span class='ocrx_word' id='word_1_122' title='bbox 1552 2045 1633 2117; x_wconf 84' lang='lat' dir='ltr'><strong>exi-</strong></span> 
     </span>
     <span class='ocr_line' id='line_1_14' title="bbox 223 2169 1631 2267; baseline -0.001 -25"><span class='ocrx_word' id='word_1_123' title='bbox 223 2169 327 2264; x_wconf 78' lang='lat' dir='ltr'><strong>gendi</strong></span> <span class='ocrx_word' id='word_1_124' title='bbox 357 2172 413 2244; x_wconf 89' lang='lat' dir='ltr'><strong>vei</strong></span> <span class='ocrx_word' id='word_1_125' title='bbox 447 2169 639 2267; x_wconf 84' lang='lat' dir='ltr'><strong>aecipiendi</strong></span> <span class='ocrx_word' id='word_1_126' title='bbox 668 2169 806 2244; x_wconf 87' lang='lat' dir='ltr'><strong>iodrum</strong></span> <span class='ocrx_word' id='word_1_127' title='bbox 838 2193 1046 2266; x_wconf 89' lang='lat' dir='ltr'><strong>omnemque</strong></span> <span class='ocrx_word' id='word_1_128' title='bbox 1070 2171 1346 2263; x_wconf 80' lang='lat' dir='ltr'><strong>jurisdictionem</strong></span> <span class='ocrx_word' id='word_1_129' title='bbox 1375 2181 1411 2242; x_wconf 91' lang='lat' dir='ltr'><strong>et</strong></span> <span class='ocrx_word' id='word_1_130' title='bbox 1440 2169 1631 2242; x_wconf 83' lang='lat' dir='ltr'><strong>districtum</strong></span> 
     </span>
     <span class='ocr_line' id='line_1_15' title="bbox 224 2294 1634 2391; baseline -0.001 -23"><span class='ocrx_word' id='word_1_131' title='bbox 224 2294 319 2388; x_wconf 91' lang='lat' dir='ltr'><strong>quod</strong></span> <span class='ocrx_word' id='word_1_132' title='bbox 344 2305 380 2368; x_wconf 93' lang='lat' dir='ltr'><strong>et</strong></span> <span class='ocrx_word' id='word_1_133' title='bbox 402 2317 508 2390; x_wconf 90' lang='lat' dir='ltr'><strong>quarn</strong></span> <span class='ocrx_word' id='word_1_134' title='bbox 534 2295 721 2391; x_wconf 86' lang='lat' dir='ltr'><strong>imperialis</strong></span> <span class='ocrx_word' id='word_1_135' title='bbox 741 2295 902 2387; x_wconf 86' lang='lat' dir='ltr'><strong>majestas</strong></span> <span class='ocrx_word' id='word_1_136' title='bbox 931 2295 1036 2368; x_wconf 90' lang='lat' dir='ltr'><strong>babet</strong></span> <span class='ocrx_word' id='word_1_137' title='bbox 1059 2307 1093 2368; x_wconf 90' lang='lat' dir='ltr'><strong>et</strong></span> <span class='ocrx_word' id='word_1_138' title='bbox 1117 2295 1216 2368; x_wconf 87' lang='lat' dir='ltr'><strong>solita</strong></span> <span class='ocrx_word' id='word_1_139' title='bbox 1239 2294 1441 2368; x_wconf 87' lang='lat' dir='ltr'><strong>esthabere</strong></span> <span class='ocrx_word' id='word_1_140' title='bbox 1462 2316 1483 2368; x_wconf 95' lang='lat' dir='ltr'><strong>a</strong></span> <span class='ocrx_word' id='word_1_141' title='bbox 1509 2295 1634 2367; x_wconf 80' lang='lat' dir='ltr'><strong>fossato</strong></span> 
     </span>
     <span class='ocr_line' id='line_1_16' title="bbox 223 2417 1633 2514; baseline -0.001 -22"><span class='ocrx_word' id='word_1_142' title='bbox 223 2417 270 2492; x_wconf 92' lang='lat' dir='ltr'><strong>de</strong></span> <span class='ocrx_word' id='word_1_143' title='bbox 294 2418 471 2492; x_wconf 84' lang='lat' dir='ltr'><strong>Atrenolio</strong></span> <span class='ocrx_word' id='word_1_144' title='bbox 500 2440 611 2514; x_wconf 86' lang='lat' dir='ltr'><strong>usque</strong></span> <span class='ocrx_word' id='word_1_145' title='bbox 628 2418 674 2492; x_wconf 89' lang='lat' dir='ltr'><strong>ad</strong></span> <span class='ocrx_word' id='word_1_146' title='bbox 694 2419 877 2492; x_wconf 82' lang='lat' dir='ltr'><strong>dionaeum</strong></span> <span class='ocrx_word' id='word_1_147' title='bbox 896 2441 958 2514; x_wconf 91' lang='lat' dir='ltr'><strong>per</strong></span> <span class='ocrx_word' id='word_1_148' title='bbox 975 2419 1164 2492; x_wconf 87' lang='lat' dir='ltr'><strong>marobiam</strong></span> <span class='ocrx_word' id='word_1_149' title='bbox 1182 2429 1217 2492; x_wconf 91' lang='lat' dir='ltr'><strong>et</strong></span> <span class='ocrx_word' id='word_1_150' title='bbox 1234 2419 1434 2492; x_wconf 81' lang='lat' dir='ltr'><strong>comitatum</strong></span> <span class='ocrx_word' id='word_1_151' title='bbox 1452 2426 1580 2500; x_wconf 89' lang='lat' dir='ltr'><strong>totum,</strong></span> <span class='ocrx_word' id='word_1_152' title='bbox 1599 2428 1633 2490; x_wconf 90' lang='lat' dir='ltr'><strong>et</strong></span> 
     </span>
     <span class='ocr_line' id='line_1_17' title="bbox 223 2541 1631 2640; baseline -0.001 -24"><span class='ocrx_word' id='word_1_153' title='bbox 223 2543 427 2616; x_wconf 82' lang='lat' dir='ltr'><strong>auctoritate</strong></span> <span class='ocrx_word' id='word_1_154' title='bbox 447 2543 617 2640; x_wconf 88' lang='lat' dir='ltr'><strong>imperiali</strong></span> <span class='ocrx_word' id='word_1_155' title='bbox 636 2542 751 2616; x_wconf 86' lang='lat' dir='ltr'><strong>modis</strong></span> <span class='ocrx_word' id='word_1_156' title='bbox 766 2543 929 2617; x_wconf 87' lang='lat' dir='ltr'><strong>omnibus</strong></span> <span class='ocrx_word' id='word_1_157' title='bbox 947 2543 981 2616; x_wconf 91' lang='lat' dir='ltr'><strong>iu</strong></span> <span class='ocrx_word' id='word_1_158' title='bbox 1002 2557 1206 2640; x_wconf 89' lang='lat' dir='ltr'><strong>perpetuum</strong></span> <span class='ocrx_word' id='word_1_159' title='bbox 1225 2541 1517 2616; x_wconf 82' lang='lat' dir='ltr'><strong>ooniirmabiurus.</strong></span> <span class='ocrx_word' id='word_1_160' title='bbox 1545 2543 1631 2614; x_wconf 86' lang='lat' dir='ltr'><strong>item</strong></span> 
     </span>
     <span class='ocr_line' id='line_1_18' title="bbox 222 2666 1632 2764; baseline -0.001 -23"><span class='ocrx_word' id='word_1_161' title='bbox 222 2667 399 2741; x_wconf 75' lang='lat' dir='ltr'><strong>solvemus</strong></span> <span class='ocrx_word' id='word_1_162' title='bbox 434 2669 608 2742; x_wconf 87' lang='lat' dir='ltr'><strong>eommuni</strong></span> <span class='ocrx_word' id='word_1_163' title='bbox 638 2669 749 2742; x_wconf 80' lang='lat' dir='ltr'><strong>tanne</strong></span> <span class='ocrx_word' id='word_1_164' title='bbox 784 2689 831 2742; x_wconf 86' lang='lat' dir='ltr'><strong>ex</strong></span> <span class='ocrx_word' id='word_1_165' title='bbox 861 2689 932 2764; x_wconf 87' lang='lat' dir='ltr'><strong>quo</strong></span> <span class='ocrx_word' id='word_1_166' title='bbox 967 2670 1141 2742; x_wconf 85' lang='lat' dir='ltr'><strong>Romanus</strong></span> <span class='ocrx_word' id='word_1_167' title='bbox 1172 2669 1355 2764; x_wconf 87' lang='lat' dir='ltr'><strong>imperator</strong></span> <span class='ocrx_word' id='word_1_168' title='bbox 1385 2669 1482 2740; x_wconf 86' lang='lat' dir='ltr'><strong>iuero</strong></span> <span class='ocrx_word' id='word_1_169' title='bbox 1513 2666 1632 2740; x_wconf 83' lang='lat' dir='ltr'><strong>unciae</strong></span> 
     </span>
     <span class='ocr_line' id='line_1_19' title="bbox 223 2791 1630 2889; baseline 0.001 -27"><span class='ocrx_word' id='word_1_170' title='bbox 223 2813 349 2864; x_wconf 88' lang='lat' dir='ltr'><strong>noveru</strong></span> <span class='ocrx_word' id='word_1_171' title='bbox 369 2791 477 2864; x_wconf 87' lang='lat' dir='ltr'><strong>miliia</strong></span> <span class='ocrx_word' id='word_1_172' title='bbox 494 2791 662 2866; x_wconf 82' lang='lat' dir='ltr'><strong>ducentas</strong></span> <span class='ocrx_word' id='word_1_173' title='bbox 678 2793 754 2866; x_wconf 89' lang='lat' dir='ltr'><strong>auri</strong></span> <span class='ocrx_word' id='word_1_174' title='bbox 772 2804 967 2866; x_wconf 88' lang='lat' dir='ltr'><strong>tarenorum</strong></span> <span class='ocrx_word' id='word_1_175' title='bbox 987 2793 1048 2889; x_wconf 80' lang='lat' dir='ltr'><strong>(b),</strong></span> <span class='ocrx_word' id='word_1_176' title='bbox 1068 2813 1156 2886; x_wconf 88' lang='lat' dir='ltr'><strong>quas</strong></span> <span class='ocrx_word' id='word_1_177' title='bbox 1172 2793 1312 2866; x_wconf 85' lang='lat' dir='ltr'><strong>Nicolao</strong></span> <span class='ocrx_word' id='word_1_178' title='bbox 1327 2791 1433 2864; x_wconf 79' lang='lat' dir='ltr'><strong>Aurie</strong></span> <span class='ocrx_word' id='word_1_179' title='bbox 1450 2813 1512 2888; x_wconf 87' lang='lat' dir='ltr'><strong>pro</strong></span> <span class='ocrx_word' id='word_1_180' title='bbox 1530 2811 1630 2864; x_wconf 89' lang='lat' dir='ltr'><strong>oom-</strong></span> 
     </span>
     <span class='ocr_line' id='line_1_20' title="bbox 222 2915 1631 3012; baseline 0.003 -25"><span class='ocrx_word' id='word_1_181' title='bbox 222 2915 320 2988; x_wconf 90' lang='lat' dir='ltr'><strong>muni</strong></span> <span class='ocrx_word' id='word_1_182' title='bbox 347 2915 457 2988; x_wconf 85' lang='lat' dir='ltr'><strong>Janue</strong></span> <span class='ocrx_word' id='word_1_183' title='bbox 488 2915 573 2989; x_wconf 88' lang='lat' dir='ltr'><strong>dare</strong></span> <span class='ocrx_word' id='word_1_184' title='bbox 600 2915 834 3012; x_wconf 88' lang='lat' dir='ltr'><strong>promisimus.</strong></span> <span class='ocrx_word' id='word_1_185' title='bbox 867 2916 978 3002; x_wconf 86' lang='lat' dir='ltr'><strong>Quam</strong></span> <span class='ocrx_word' id='word_1_186' title='bbox 1010 2917 1214 2991; x_wconf 88' lang='lat' dir='ltr'><strong>solutionem</strong></span> <span class='ocrx_word' id='word_1_187' title='bbox 1244 2917 1410 2990; x_wconf 86' lang='lat' dir='ltr'><strong>iaciemus</strong></span> <span class='ocrx_word' id='word_1_188' title='bbox 1445 2937 1557 3012; x_wconf 87' lang='lat' dir='ltr'><strong>usque</strong></span> <span class='ocrx_word' id='word_1_189' title='bbox 1585 2916 1631 2991; x_wconf 85' lang='lat' dir='ltr'><strong>ed</strong></span> 
     </span>
     <span class='ocr_line' id='line_1_21' title="bbox 221 3038 1629 3137; baseline 0.002 -25"><span class='ocrx_word' id='word_1_190' title='bbox 221 3059 331 3112; x_wconf 88' lang='lat' dir='ltr'><strong>annos</strong></span> <span class='ocrx_word' id='word_1_191' title='bbox 344 3040 512 3134; x_wconf 87' lang='lat' dir='ltr'><strong>quinque,</strong></span> <span class='ocrx_word' id='word_1_192' title='bbox 530 3039 692 3114; x_wconf 86' lang='lat' dir='ltr'><strong>videlieet</strong></span> <span class='ocrx_word' id='word_1_193' title='bbox 708 3039 830 3113; x_wconf 84' lang='lat' dir='ltr'><strong>unciae</strong></span> <span class='ocrx_word' id='word_1_194' title='bbox 846 3038 918 3113; x_wconf 90' lang='lat' dir='ltr'><strong>duo</strong></span> <span class='ocrx_word' id='word_1_195' title='bbox 935 3041 1030 3115; x_wconf 87' lang='lat' dir='ltr'><strong>milia</strong></span> <span class='ocrx_word' id='word_1_196' title='bbox 1048 3042 1203 3136; x_wconf 86' lang='lat' dir='ltr'><strong>quolibet</strong></span> <span class='ocrx_word' id='word_1_197' title='bbox 1219 3062 1311 3115; x_wconf 91' lang='lat' dir='ltr'><strong>auno</strong></span> <span class='ocrx_word' id='word_1_198' title='bbox 1329 3062 1439 3137; x_wconf 88' lang='lat' dir='ltr'><strong>usque</strong></span> <span class='ocrx_word' id='word_1_199' title='bbox 1456 3039 1503 3116; x_wconf 89' lang='lat' dir='ltr'><strong>ad</strong></span> <span class='ocrx_word' id='word_1_200' title='bbox 1520 3061 1629 3115; x_wconf 89' lang='lat' dir='ltr'><strong>annos</strong></span> 
     </span>
     <span class='ocr_line' id='line_1_22' title="bbox 221 3161 1628 3263; baseline 0.003 -29"><span class='ocrx_word' id='word_1_201' title='bbox 221 3171 382 3258; x_wconf 87' lang='lat' dir='ltr'><strong>quatuor,</strong></span> <span class='ocrx_word' id='word_1_202' title='bbox 402 3161 582 3236; x_wconf 90' lang='lat' dir='ltr'><strong>residuum</strong></span> <span class='ocrx_word' id='word_1_203' title='bbox 597 3185 681 3238; x_wconf 85' lang='lat' dir='ltr'><strong>vero</strong></span> <span class='ocrx_word' id='word_1_204' title='bbox 699 3163 736 3236; x_wconf 92' lang='lat' dir='ltr'><strong>in</strong></span> <span class='ocrx_word' id='word_1_205' title='bbox 751 3163 873 3260; x_wconf 89' lang='lat' dir='ltr'><strong>quinto</strong></span> <span class='ocrx_word' id='word_1_206' title='bbox 891 3187 1002 3253; x_wconf 90' lang='lat' dir='ltr'><strong>auno,</strong></span> <span class='ocrx_word' id='word_1_207' title='bbox 1026 3175 1061 3239; x_wconf 92' lang='lat' dir='ltr'><strong>et</strong></span> <span class='ocrx_word' id='word_1_208' title='bbox 1078 3165 1124 3240; x_wconf 91' lang='lat' dir='ltr'><strong>de</strong></span> <span class='ocrx_word' id='word_1_209' title='bbox 1141 3165 1304 3263; x_wconf 82' lang='lat' dir='ltr'><strong>predictis</strong></span> <span class='ocrx_word' id='word_1_210' title='bbox 1319 3167 1480 3240; x_wconf 82' lang='lat' dir='ltr'><strong>omuibus</strong></span> <span class='ocrx_word' id='word_1_211' title='bbox 1496 3167 1628 3238; x_wconf 88' lang='lat' dir='ltr'><strong>iustru-</strong></span> 
     </span>
     <span class='ocr_line' id='line_1_23' title="bbox 222 3287 1630 3385; baseline 0.003 -27"><span class='ocrx_word' id='word_1_212' title='bbox 222 3295 337 3360; x_wconf 89' lang='lat' dir='ltr'><strong>rnenta</strong></span> <span class='ocrx_word' id='word_1_213' title='bbox 354 3297 389 3360; x_wconf 91' lang='lat' dir='ltr'><strong>et</strong></span> <span class='ocrx_word' id='word_1_214' title='bbox 413 3287 593 3384; x_wconf 76' lang='lat' dir='ltr'><strong>privilegia</strong></span> <span class='ocrx_word' id='word_1_215' title='bbox 610 3289 785 3362; x_wconf 88' lang='lat' dir='ltr'><strong>oommnui</strong></span> <span class='ocrx_word' id='word_1_216' title='bbox 804 3292 915 3364; x_wconf 86' lang='lat' dir='ltr'><strong>Janue</strong></span> <span class='ocrx_word' id='word_1_217' title='bbox 929 3291 986 3364; x_wconf 90' lang='lat' dir='ltr'><strong>voi</strong></span> <span class='ocrx_word' id='word_1_218' title='bbox 1005 3295 1081 3385; x_wconf 83' lang='lat' dir='ltr'><strong>ejus</strong></span> <span class='ocrx_word' id='word_1_219' title='bbox 1098 3302 1190 3366; x_wconf 87' lang='lat' dir='ltr'><strong>oerto</strong></span> <span class='ocrx_word' id='word_1_220' title='bbox 1212 3293 1316 3365; x_wconf 85' lang='lat' dir='ltr'><strong>misso</strong></span> <span class='ocrx_word' id='word_1_221' title='bbox 1337 3291 1383 3365; x_wconf 88' lang='lat' dir='ltr'><strong>ad</strong></span> <span class='ocrx_word' id='word_1_222' title='bbox 1404 3293 1470 3364; x_wconf 90' lang='lat' dir='ltr'><strong>hoo</strong></span> <span class='ocrx_word' id='word_1_223' title='bbox 1498 3292 1630 3364; x_wconf 85' lang='lat' dir='ltr'><strong>eonsti-</strong></span> 
     </span>
     <span class='ocr_line' id='line_1_24' title="bbox 222 3412 1626 3510; baseline 0.003 -28"><span class='ocrx_word' id='word_1_224' title='bbox 222 3419 296 3484; x_wconf 87' lang='lat' dir='ltr'><strong>tuto</strong></span> <span class='ocrx_word' id='word_1_225' title='bbox 321 3433 401 3484; x_wconf 88' lang='lat' dir='ltr'><strong>oum</strong></span> <span class='ocrx_word' id='word_1_226' title='bbox 425 3412 538 3506; x_wconf 78' lang='lat' dir='ltr'><strong>sigilio</strong></span> <span class='ocrx_word' id='word_1_227' title='bbox 566 3413 735 3508; x_wconf 87' lang='lat' dir='ltr'><strong>imperiali</strong></span> <span class='ocrx_word' id='word_1_228' title='bbox 757 3414 793 3485; x_wconf 93' lang='lat' dir='ltr'><strong>in</strong></span> <span class='ocrx_word' id='word_1_229' title='bbox 821 3414 926 3488; x_wconf 91' lang='lat' dir='ltr'><strong>lauda</strong></span> <span class='ocrx_word' id='word_1_230' title='bbox 954 3416 1009 3488; x_wconf 88' lang='lat' dir='ltr'><strong>sui</strong></span> <span class='ocrx_word' id='word_1_231' title='bbox 1031 3416 1197 3490; x_wconf 83' lang='lat' dir='ltr'><strong>iaciemus</strong></span> <span class='ocrx_word' id='word_1_232' title='bbox 1214 3416 1301 3488; x_wconf 91' lang='lat' dir='ltr'><strong>inira</strong></span> <span class='ocrx_word' id='word_1_233' title='bbox 1327 3413 1402 3489; x_wconf 88' lang='lat' dir='ltr'><strong>dies</strong></span> <span class='ocrx_word' id='word_1_234' title='bbox 1426 3413 1626 3510; x_wconf 84' lang='lat' dir='ltr'><strong>quindecim</strong></span> 
     </span>
     <span class='ocr_line' id='line_1_25' title="bbox 221 3536 1011 3640; baseline 0.005 -30"><span class='ocrx_word' id='word_1_235' title='bbox 221 3536 394 3632; x_wconf 81' lang='lat' dir='ltr'><strong>predictos</strong></span> <span class='ocrx_word' id='word_1_236' title='bbox 411 3559 458 3640; x_wconf 68' lang='lat' dir='ltr'><strong>ep</strong></span> <span class='ocrx_word' id='word_1_237' title='bbox 470 3558 542 3632; x_wconf 89' lang='lat' dir='ltr'><strong>quo</strong></span> <span class='ocrx_word' id='word_1_238' title='bbox 558 3537 641 3613; x_wconf 91' lang='lat' dir='ltr'><strong>iude</strong></span> <span class='ocrx_word' id='word_1_239' title='bbox 656 3539 812 3634; x_wconf 87' lang='lat' dir='ltr'><strong>requisiti</strong></span> <span class='ocrx_word' id='word_1_240' title='bbox 830 3541 1011 3614; x_wconf 83' lang='lat' dir='ltr'><strong>fuerimus.</strong></span> 
     </span>
    </p>

    <p class='ocr_par' dir='ltr' id='par_1_3' title="bbox 220 3658 1629 4008">
     <span class='ocr_line' id='line_1_26' title="bbox 269 3658 1629 3760; baseline 0.002 -28"><span class='ocrx_word' id='word_1_241' title='bbox 269 3658 425 3734; x_wconf 86' lang='lat' dir='ltr'><strong>Predicte</strong></span> <span class='ocrx_word' id='word_1_242' title='bbox 442 3661 558 3736; x_wconf 85' lang='lat' dir='ltr'><strong>omnia</strong></span> <span class='ocrx_word' id='word_1_243' title='bbox 578 3671 618 3734; x_wconf 91' lang='lat' dir='ltr'><strong>ut</strong></span> <span class='ocrx_word' id='word_1_244' title='bbox 636 3663 874 3760; x_wconf 80' lang='lat' dir='ltr'><strong>supradictum</strong></span> <span class='ocrx_word' id='word_1_245' title='bbox 891 3674 945 3738; x_wconf 86' lang='lat' dir='ltr'><strong>est</strong></span> <span class='ocrx_word' id='word_1_246' title='bbox 958 3665 1091 3757; x_wconf 87' lang='lat' dir='ltr'><strong>juravit</strong></span> <span class='ocrx_word' id='word_1_247' title='bbox 1110 3665 1208 3738; x_wconf 86' lang='lat' dir='ltr'><strong>tactis</strong></span> <span class='ocrx_word' id='word_1_248' title='bbox 1229 3664 1453 3740; x_wconf 80' lang='lat' dir='ltr'><strong>saomsanotis</strong></span> <span class='ocrx_word' id='word_1_249' title='bbox 1469 3664 1629 3758; x_wconf 77' lang='lat' dir='ltr'><strong>Evange-</strong></span> 
     </span>
     <span class='ocr_line' id='line_1_27' title="bbox 221 3783 1629 3884; baseline 0.003 -29"><span class='ocrx_word' id='word_1_250' title='bbox 221 3783 277 3856; x_wconf 84' lang='lat' dir='ltr'><strong>liin</strong></span> <span class='ocrx_word' id='word_1_251' title='bbox 289 3783 435 3880; x_wconf 78' lang='lat' dir='ltr'><strong>Ogerius</strong></span> <span class='ocrx_word' id='word_1_252' title='bbox 446 3785 549 3859; x_wconf 88' lang='lat' dir='ltr'><strong>Panis</strong></span> <span class='ocrx_word' id='word_1_253' title='bbox 567 3787 618 3882; x_wconf 85' lang='lat' dir='ltr'><strong>(t)</strong></span> <span class='ocrx_word' id='word_1_254' title='bbox 634 3787 670 3858; x_wconf 94' lang='lat' dir='ltr'><strong>iu</strong></span> <span class='ocrx_word' id='word_1_255' title='bbox 688 3787 805 3862; x_wconf 86' lang='lat' dir='ltr'><strong>anima</strong></span> <span class='ocrx_word' id='word_1_256' title='bbox 820 3787 931 3884; x_wconf 81' lang='lat' dir='ltr'><strong>ipsius</strong></span> <span class='ocrx_word' id='word_1_257' title='bbox 948 3789 1081 3863; x_wconf 90' lang='lat' dir='ltr'><strong>domiui</strong></span> <span class='ocrx_word' id='word_1_258' title='bbox 1099 3789 1190 3882; x_wconf 79' lang='lat' dir='ltr'><strong>regis</strong></span> <span class='ocrx_word' id='word_1_259' title='bbox 1208 3789 1252 3862; x_wconf 92' lang='lat' dir='ltr'><strong>de</strong></span> <span class='ocrx_word' id='word_1_260' title='bbox 1271 3789 1347 3879; x_wconf 84' lang='lat' dir='ltr'><strong>ejus</strong></span> <span class='ocrx_word' id='word_1_261' title='bbox 1360 3789 1538 3880; x_wconf 88' lang='lat' dir='ltr'><strong>mandato,</strong></span> <span class='ocrx_word' id='word_1_262' title='bbox 1553 3787 1629 3884; x_wconf 89' lang='lat' dir='ltr'><strong>ipso</strong></span> 
     </span>
     <span class='ocr_line' id='line_1_28' title="bbox 220 3909 1628 4008; baseline 0.002 -28"><span class='ocrx_word' id='word_1_263' title='bbox 220 3917 378 4003; x_wconf 89' lang='lat' dir='ltr'><strong>presente</strong></span> <span class='ocrx_word' id='word_1_264' title='bbox 395 3917 430 3981; x_wconf 92' lang='lat' dir='ltr'><strong>et</strong></span> <span class='ocrx_word' id='word_1_265' title='bbox 444 3909 590 4002; x_wconf 85' lang='lat' dir='ltr'><strong>jubente</strong></span> <span class='ocrx_word' id='word_1_266' title='bbox 612 3910 797 3984; x_wconf 79' lang='lat' dir='ltr'><strong>observare</strong></span> <span class='ocrx_word' id='word_1_267' title='bbox 812 3919 848 3983; x_wconf 90' lang='lat' dir='ltr'><strong>et</strong></span> <span class='ocrx_word' id='word_1_268' title='bbox 862 3911 1034 4007; x_wconf 84' lang='lat' dir='ltr'><strong>complere</strong></span> <span class='ocrx_word' id='word_1_269' title='bbox 1050 3919 1155 4005; x_wconf 89' lang='lat' dir='ltr'><strong>atque</strong></span> <span class='ocrx_word' id='word_1_270' title='bbox 1174 3911 1351 3984; x_wconf 91' lang='lat' dir='ltr'><strong>attendere</strong></span> <span class='ocrx_word' id='word_1_271' title='bbox 1369 3911 1406 3984; x_wconf 93' lang='lat' dir='ltr'><strong>in</strong></span> <span class='ocrx_word' id='word_1_272' title='bbox 1422 3921 1628 4008; x_wconf 90' lang='lat' dir='ltr'><strong>perpetuum</strong></span> 
     </span>
    </p>
   </div>
   <div class='ocr_carea' id='block_1_3' title="bbox 261 4075 1626 4269">
    <p class='ocr_par' dir='ltr' id='par_1_4' title="bbox 261 4075 1626 4269">
     <span class='ocr_line' id='line_1_29' title="bbox 261 4075 1084 4158; baseline 0.01 -22"><span class='ocrx_word' id='word_1_273' title='bbox 261 4075 303 4156; x_wconf 84' lang='lat' dir='ltr'><strong>(a)</strong></span> <span class='ocrx_word' id='word_1_274' title='bbox 322 4077 443 4158; x_wconf 53' lang='lat' dir='ltr'><strong>iegitur</strong></span> <span class='ocrx_word' id='word_1_275' title='bbox 456 4081 488 4140; x_wconf 88' lang='lat' dir='ltr'><strong>tu</strong></span> <span class='ocrx_word' id='word_1_276' title='bbox 501 4079 577 4142; x_wconf 85' lang='lat' dir='ltr'><strong>trbro</strong></span> <span class='ocrx_word' id='word_1_277' title='bbox 587 4081 725 4158; x_wconf 69' lang='lat' dir='ltr'><strong>lurtum.</strong></span> <span class='ocrx_word' id='word_1_278' title='bbox 741 4088 869 4144; x_wconf 75' lang='lat' dir='ltr'><strong>emmor</strong></span> <span class='ocrx_word' id='word_1_279' title='bbox 879 4081 962 4144; x_wconf 73' lang='lat' dir='ltr'><strong>Gauii</strong></span> <span class='ocrx_word' id='word_1_280' title='bbox 969 4079 1084 4144; x_wconf 78' lang='lat' dir='ltr'><strong>Paioda&#39;</strong></span> 
     </span>
     <span class='ocr_line' id='line_1_30' title="bbox 261 4180 1626 4269; baseline 0.004 -26"><span class='ocrx_word' id='word_1_281' title='bbox 261 4180 302 4261; x_wconf 76' lang='lat' dir='ltr'><strong>(b)</strong></span> <span class='ocrx_word' id='word_1_282' title='bbox 324 4185 374 4246; x_wconf 85' lang='lat' dir='ltr'><strong>sto</strong></span> <span class='ocrx_word' id='word_1_283' title='bbox 395 4185 512 4248; x_wconf 65' lang='lat' dir='ltr'><strong>vidant</strong></span> <span class='ocrx_word' id='word_1_284' title='bbox 533 4189 565 4248; x_wconf 92' lang='lat' dir='ltr'><strong>tn</strong></span> <span class='ocrx_word' id='word_1_285' title='bbox 586 4203 780 4266; x_wconf 71' lang='lat' dir='ltr'><strong>pergamam</strong></span> <span class='ocrx_word' id='word_1_286' title='bbox 796 4189 850 4250; x_wconf 81' lang='lat' dir='ltr'><strong>sed</strong></span> <span class='ocrx_word' id='word_1_287' title='bbox 868 4191 901 4250; x_wconf 89' lang='lat' dir='ltr'><strong>tn</strong></span> <span class='ocrx_word' id='word_1_288' title='bbox 920 4189 996 4250; x_wconf 84' lang='lat' dir='ltr'><strong>libro</strong></span> <span class='ocrx_word' id='word_1_289' title='bbox 1016 4192 1128 4268; x_wconf 75' lang='lat' dir='ltr'><strong>lurtum</strong></span> <span class='ocrx_word' id='word_1_290' title='bbox 1152 4191 1260 4252; x_wconf 78' lang='lat' dir='ltr'><strong>otarius</strong></span> <span class='ocrx_word' id='word_1_291' title='bbox 1279 4191 1385 4269; x_wconf 79' lang='lat' dir='ltr'><strong>tegitur</strong></span> <span class='ocrx_word' id='word_1_292' title='bbox 1403 4191 1473 4250; x_wconf 69' lang='lat' dir='ltr'><strong>aaut</strong></span> <span class='ocrx_word' id='word_1_293' title='bbox 1492 4191 1576 4264; x_wconf 74' lang='lat' dir='ltr'><strong>ursi,</strong></span> <span class='ocrx_word' id='word_1_294' title='bbox 1594 4191 1626 4250; x_wconf 88' lang='lat' dir='ltr'><strong>td</strong></span> 
     </span>
    </p>
   </div>
   <div class='ocr_carea' id='block_1_4' title="bbox 218 4294 359 4368">
    <p class='ocr_par' dir='ltr' id='par_1_5' title="bbox 218 4294 359 4368">
     <span class='ocr_line' id='line_1_31' title="bbox 218 4294 359 4368; baseline -0.015 -16"><span class='ocrx_word' id='word_1_295' title='bbox 218 4291 359 4368; x_wconf 68' lang='lat' dir='ltr'><strong>oetpwi.</strong></span> 
     </span>
    </p>
   </div>
   <div class='ocr_carea' id='block_1_5' title="bbox 217 4581 1625 4759">
    <p class='ocr_par' dir='ltr' id='par_1_6' title="bbox 217 4581 1625 4759">
     <span class='ocr_line' id='line_1_32' title="bbox 253 4581 1625 4661; baseline 0.005 -23"><span class='ocrx_word' id='word_1_296' title='bbox 253 4581 288 4655; x_wconf 83' lang='lat' dir='ltr'><strong>(t)</strong></span> <span class='ocrx_word' id='word_1_297' title='bbox 307 4581 381 4640; x_wconf 78' lang='lat' dir='ltr'><strong>Idem</strong></span> <span class='ocrx_word' id='word_1_298' title='bbox 396 4581 440 4642; x_wconf 85' lang='lat' dir='ltr'><strong>iiie</strong></span> <span class='ocrx_word' id='word_1_299' title='bbox 450 4583 497 4658; x_wconf 88' lang='lat' dir='ltr'><strong>qni</strong></span> <span class='ocrx_word' id='word_1_300' title='bbox 508 4585 657 4644; x_wconf 79' lang='lat' dir='ltr'><strong>taruennae</strong></span> <span class='ocrx_word' id='word_1_301' title='bbox 674 4585 783 4644; x_wconf 85' lang='lat' dir='ltr'><strong>annales</strong></span> <span class='ocrx_word' id='word_1_302' title='bbox 798 4587 879 4659; x_wconf 82' lang='lat' dir='ltr'><strong>hujus</strong></span> <span class='ocrx_word' id='word_1_303' title='bbox 896 4585 1026 4660; x_wconf 87' lang='lat' dir='ltr'><strong>temporis</strong></span> <span class='ocrx_word' id='word_1_304' title='bbox 1047 4585 1198 4661; x_wconf 85' lang='lat' dir='ltr'><strong>oomposuit</strong></span> <span class='ocrx_word' id='word_1_305' title='bbox 1214 4591 1242 4644; x_wconf 88' lang='lat' dir='ltr'><strong>et</strong></span> <span class='ocrx_word' id='word_1_306' title='bbox 1260 4585 1399 4644; x_wconf 80' lang='lat' dir='ltr'><strong>annalibus</strong></span> <span class='ocrx_word' id='word_1_307' title='bbox 1410 4587 1514 4644; x_wconf 69' lang='lat' dir='ltr'><strong>Canarii</strong></span> <span class='ocrx_word' id='word_1_308' title='bbox 1527 4585 1625 4645; x_wconf 86' lang='lat' dir='ltr'><strong>librum</strong></span> 
     </span>
     <span class='ocr_line' id='line_1_33' title="bbox 217 4679 1357 4759; baseline 0.001 -21"><span class='ocrx_word' id='word_1_309' title='bbox 217 4685 343 4752; x_wconf 74' lang='lat' dir='ltr'><strong>quonum</strong></span> <span class='ocrx_word' id='word_1_310' title='bbox 355 4679 466 4740; x_wconf 82' lang='lat' dir='ltr'><strong>addidit.</strong></span> <span class='ocrx_word' id='word_1_311' title='bbox 478 4681 539 4741; x_wconf 78' lang='lat' dir='ltr'><strong>vid.</strong></span> <span class='ocrx_word' id='word_1_312' title='bbox 548 4683 711 4754; x_wconf 74' lang='lat' dir='ltr'><strong>Muuroar,</strong></span> <span class='ocrx_word' id='word_1_313' title='bbox 721 4685 836 4759; x_wconf 75' lang='lat' dir='ltr'><strong>script,</strong></span> <span class='ocrx_word' id='word_1_314' title='bbox 851 4685 886 4742; x_wconf 77' lang='lat' dir='ltr'><strong>Vi</strong></span> <span class='ocrx_word' id='word_1_315' title='bbox 894 4725 901 4754; x_wconf 85' lang='lat'>‚</span> <span class='ocrx_word' id='word_1_316' title='bbox 914 4685 981 4752; x_wconf 77' lang='lat' dir='ltr'><strong>stt,</strong></span> <span class='ocrx_word' id='word_1_317' title='bbox 994 4683 1022 4740; x_wconf 86' lang='lat' dir='ltr'><strong>in</strong></span> <span class='ocrx_word' id='word_1_318' title='bbox 1033 4683 1211 4758; x_wconf 75' lang='lat' dir='ltr'><strong>praefatione,</strong></span> <span class='ocrx_word' id='word_1_319' title='bbox 1221 4688 1285 4758; x_wconf 89' lang='lat' dir='ltr'><strong>etp.</strong></span> <span class='ocrx_word' id='word_1_320' title='bbox 1297 4687 1357 4740; x_wconf 76' lang='lat'><strong>380.</strong></span> 
     </span>
    </p>
   </div>
   <div class='ocr_carea' id='block_1_6' title="bbox 0 0 2172 5975">
    <p class='ocr_par' dir='ltr' id='par_1_7' title="bbox 0 0 2172 5975">
     <span class='ocr_line' id='line_1_34' title="bbox 0 0 2172 5975; baseline 0 0"><span class='ocrx_word' id='word_1_321' title='bbox 0 0 2172 5975; x_wconf 95' lang='lat' dir='ltr'><strong> </strong></span> 
     </span>
    </p>
   </div>
  </div>
 </body>
</html>
