4382 5946
230 547 332 608 leores
349 544 390 628 l.]
679 542 876 604 HISTORIA
900 543 1190 610 ulrlouarlcll
1582 545 1639 608 2¹11

278 683 396 754 Testes
415 688 531 752 autem
545 678 582 750 hi
596 687 677 751 suut
694 679 885 773 Sigelridus
901 681 1102 774 Moguntine
1118 682 1211 756 sedis
1228 682 1524 778 archiepiscopus,
1543 683 1643 756 Sedis

229 804 427 899 Apostolioe
442 804 576 897 legatus
585 800 613 896 (l
622 803 649 894 ),
660 800 881 876 Eberhardus
892 804 1160 896 salisburgensis
1170 805 1460 901 archiepiscopus,
1474 804 1644 878 Berardus

230 929 389 1000 Berensis
415 926 712 1022 archiepiscopus,
736 926 914 1000 Conradus
937 928 1194 1024 Ratisponensis
1218 929 1416 1024 episeopus,
1437 929 1515 1000 Otto
1534 929 1645 1001 Wirz·

231 1051 414 1146 burgensis
440 1050 647 1146 episcopus,
676 1049 904 1144 Manegoldus
932 1051 1145 1125 Pataviensis
1176 1053 1376 1150 episeopus,
1404 1050 1645 1146 Engelhardus

231 1175 383 1247 Zieensis
400 1175 602 1270 episcopus,
622 1171 791 1246 Odacrius
814 1173 1041 1246 Bohemornm
1067 1199 1151 1270 rex,
1180 1174 1378 1249 Ludovicus
1410 1176 1486 1248 dux
1512 1175 1644 1248 Bawe-

230 1300 301 1389 rie,
322 1297 515 1393 leopoldus
542 1297 619 1370 dux
643 1297 780 1370 Austris
806 1305 841 1370 et
868 1299 995 1395 Styrie,
1015 1300 1231 1374 Hermannus
1257 1299 1470 1395 lantgravius
1490 1299 1645 1370 Thurin-

231 1424 307 1516 gie,
324 1443 438 1496 eomes
451 1421 615 1495 Albertus
633 1421 678 1494 de
696 1422 891 1511 Eberstein,
907 1444 1022 1496 eomes
1039 1422 1219 1520 Adolphus
1242 1424 1288 1500 de
1301 1411 1564 1498 Schonneberch
1577 1423 1641 1518 (a),

232 1567 347 1620 eomes
370 1546 591 1619 Burchardue
623 1545 668 1619 ds
694 1547 957 1638 Manneevelde,
984 1570 1099 1622 comes
1125 1549 1297 1624 Gerardus
1326 1549 1370 1623 de
1398 1549 1509 1638 Dietz,
1531 1569 1646 1622 comes

231 1671 429 1742 Ludovicus
461 1669 507 1742 de
537 1669 784 1761 Wirtemlrerg,
814 1668 1037 1744 Gebehardus
1061 1673 1293 1766 burggravius
1316 1672 1641 1766 Magdebnrgensis,

232 1793 412 1866 Heinricus
433 1793 478 1868 de
497 1793 741 1877 Stahelburch,
753 1793 925 1866 Walterus
941 1794 986 1868 de
1002 1797 1245 1890 Langenberg,
1263 1797 1442 1868 Heinricus
1458 1795 1504 1868 de
1520 1795 1645 1868 Calan-

232 1917 315 1990 dina
333 1918 563 1990 marescalcus
580 1917 735 2012 imperii,
754 1918 925 1990 Walterus
948 1917 993 1990 de
1020 1919 1097 2012 Sipl
1118 1919 1280 2014 pincerna
1299 1919 1450 2014 imperii,
1466 1919 1644 1990 Gnalterus

232 2040 375 2114 Gentilis
388 2043 645 2116 comestabulus
661 2042 758 2136 regni
776 2042 909 2133 Sicilie,
928 2051 963 2116 et
980 2044 1039 2116 alii
1056 2045 1288 2138 quamplures.

281 2167 425 2260 Signum
440 2166 573 2241 domini
590 2147 755 2241 Friderici
773 2167 931 2258 secundi,
950 2168 1181 2240 Romanorum
1199 2167 1291 2260 regis
1309 2165 1525 2238 invictissimi
1541 2174 1575 2236 et
1588 2185 1644 2236 re·

232 2289 718 2388 gisSioilie(lIon09rommo).
1535 2293 1541 2306 '

281 2415 354 2509 Ego
368 2415 545 2490 Conradm
559 2417 620 2489 Ilei
639 2427 673 2489 et
693 2415 890 2512 Apostolice
904 2414 1004 2488 Sedis
1020 2415 1130 2507 gratia
1144 2413 1307 2486 Metensie
1329 2422 1364 2484 et
1386 2412 1554 2508 Spirensis
1572 2411 1646 2506 epi·

232 2559 377 2634 scopus,
404 2539 592 2634 imperialis
617 2541 696 2612 aule
720 2541 959 2630 cancellarius,
989 2539 1069 2613 viee
1100 2537 1232 2612 domini
1261 2537 1421 2631 Sigelridi
1452 2536 1645 2628 Mogontini

232 2661 481 2757 archiepiscopi
499 2671 534 2736 et
556 2663 749 2758 sperones
771 2664 870 2738 Sedis
894 2663 996 2758 legati
1016 2685 1058 2736 ac
1078 2662 1182 2736 totius
1206 2660 1385 2735 Germanie
1411 2661 1646 2752 archicancel-

233 2787 330 2873 larii,
351 2787 549 2880 recognovi.

282 2911 366 2983 Acta
383 2920 463 2983 sunt
488 2910 554 2984 hec
579 2932 672 2985 anno
695 2913 831 2984 Domini
860 2912 965 2985 nostri
990 2912 1071 2986 Iesu
1103 2910 1226 2984 Christi
1253 2909 1432 2997 MCCXIII,
1457 2907 1646 2982 indictione

234 3035 363 3130 prime,
380 3045 543 3129 regnanto
562 3034 704 3108 domino
724 3035 895 3109 Friderieo
913 3035 1066 3110 secundo
1080 3037 1310 3108 Romanorum
1335 3054 1418 3126 rege
1433 3033 1590 3126 ,glorioso
1612 3044 1648 3128 et

234 3182 317 3250 rege
329 3159 454 3250 Sicilie,
463 3181 555 3232 anno
567 3161 665 3256 regni
676 3163 751 3252 ejus
760 3161 989 3234 Romanorum
1002 3163 1127 3256 primo,
1140 3161 1237 3252 regni
1249 3181 1332 3232 vero
1344 3160 1420 3250 ejus
1432 3159 1546 3230 Sicilie
1554 3159 1644 3231 XVI.

283 3287 407 3356 Datum
426 3286 523 3380 apud
540 3286 667 3380 ligram
684 3306 746 3380 per
763 3307 886 3358 manus
904 3285 1052 3359 Bertoldi
1068 3283 1113 3358 de
1131 3284 1255 3376 niffen,
1274 3283 1398 3376 regalis
1414 3285 1494 3357 aule
1510 3281 1649 3378 protho-

233 3408 377 3498 notarii,
394 3409 438 3482 lv
453 3407 534 3481 idne
546 3409 637 3501 iulii.

277 3581 317 3664 (α)
340 3583 422 3646 Atlas
435 3579 625 3665 Sumelorq,
640 3585 747 3644 metim
761 3579 951 3664 Scoroerrlurq
963 3579 1199 3665 (Seleucensem).

1196 3763 1311 3772 ..n-..a-

271 3872 308 3948 (4)
327 3873 403 3932 Circa
416 3889 536 3932 mensem
550 3874 675 3931 martium
688 3873 751 3932 enni
764 3877 847 3943 l2t2,
863 3873 978 3931 Silridus
991 3873 1162 3948 MogrmtInus
1175 3881 1204 3932 et
1216 3875 1342 3932 albertus
1352 3875 1587 3950 llegdeburgensis
1604 3893 1648 3933 ar·

236 3969 399 4044 ehiepiseopi
413 3969 519 4028 inerant
532 3971 611 4028 ambo
623 3971 658 4028 ab
670 3971 823 4028 Innocentio
838 3971 915 4029 tertio
927 3971 963 4028 ad
979 3979 1069 4046 partes
1081 3973 1253 4030 alemanniae
1266 3973 1397 4031 Inferioris
1409 3981 1503 4032 eontra
1515 3973 1648 4031 Othonem

236 4069 392 4142 complana
405 4068 564 4126 auctoritate
578 4069 699 4142 delegati.
715 4089 728 4122 r
744 4069 856 4138 Qualem
869 4069 951 4126 habet
964 4069 1088 4126 dominus
1099 4087 1170 4144 papa
1183 4075 1356 4144 potestatem,
1373 4069 1452 4127 talem
1466 4071 1578 4128 eontulit
1589 4071 1648 4128 llo·

235 4167 347 4242 guetino
359 4166 387 4224 in
396 4165 534 4224 alemania
546 4171 574 4224 et
586 4173 618 4224 ut
630 4167 731 4226 eudem
742 4167 863 4225 vestibus
882 4173 972 4224 utatur
985 4167 1083 4240 quibus
1097 4167 1221 4226 domiuus
1232 4183 1302 4242 papa
1315 4167 1398 4224 utitur
1412 4174 1440 4224 et
1449 4183 1547 4240 equum
1559 4167 1649 4224 elbum

235 4262 343 4322 lrabeat.
358 4283 372 4316 r
388 4263 601 4332 animemed,
617 4263 651 4321 ud
664 4279 728 4320 ann.
744 4265 868 4323 lm.-
879 4282 892 4316 e
903 4261 1030 4320 tibertus
1043 4261 1260 4336 archiepiscopus
1271 4261 1438 4336 apostoncae
1453 4261 1530 4320 SedIs
1546 4261 1650 4334 legatus

235 4361 424 4434 imperatorem
437 4360 534 4419 erebro
548 4361 805 4418 excommunicatum
818 4360 1003 4430 denuntiabat,
1018 4367 1047 4416 et
1058 4375 1093 4416 ne
1109 4361 1243 4432 quiscum
1258 4361 1447 4432 Imperatorem
1465 4357 1580 4432 appellet
1597 4359 1649 4415 sub

108 4513 113 4520 ,
235 4471 321 4530 poena
338 4457 624 4515 excommunicationis
642 4457 811 4532 prohibebat.
827 4478 838 4510 e
856 4457 957 4514 chron.
970 4463 1055 4512 mont.
1071 4457 1144 4524 Ser„
1161 4455 1196 4513 ad
1209 4471 1272 4514 ann.
1286 4459 1365 4513 Νη.
1373 4455 1473 4512 Eadem
1490 4471 1596 4530 quoque
1611 4455 1650 4513 le-

235 4555 342 4630 gatione
357 4563 421 4614 tuno
433 4557 564 4632 temporis
576 4557 735 4630 fungebatur
747 4556 946 4630 Salzbnrgensis
957 4557 1182 4631 archiepiscopus.
1195 4555 1256 4616 vid,
1271 4571 1366 4629 supra,
1381 4573 1411 4629 p.
1424 4559 1487 4614 260.
