4434 5942
196 571 293 634 lunum
309 569 357 650 3.]
644 569 841 632 HISTORIA
865 567 1159 634 blancalanda
1566 565 1601 628 51

196 707 298 780 mittit
312 704 493 799 injuriam,
521 726 601 778 cum
623 705 696 780 suis
717 707 909 780 fautoribus
933 703 1298 780 excommunicationis
1313 703 1446 800 laqueis
1464 701 1605 794 irretiri3

195 831 346 926 quisuis
362 829 585 924 exigentibus
601 831 732 927 culpis,
750 831 798 904 ita
813 855 893 905 cum
909 832 985 905 suis
1002 831 1194 904 fautoribus
1216 851 1277 925 per
1300 829 1362 901 Dei
1386 829 1531 924 gratiam
1557 837 1609 902 est

197 974 413 1050 compressus
429 964 469 1028 ut
484 955 585 1050 quasi
603 955 765 1030 diffidens
781 956 883 1050 louge
901 955 997 1030 aliud
1014 955 1165 1050 cogitare
1182 962 1325 1048 cogatur
1341 954 1370 1050 (l
1380 952 1407 1050 ).
1427 955 1608 1028 llonemus

196 1099 277 1174 crgo
293 1088 443 1154 vestram
460 1079 721 1154 universitatem
738 1090 775 1153 et
793 1081 1017 1156 exhortamur
1033 1081 1070 1152 in
1083 1079 1231 1152 Domino
1245 1087 1416 1173 quatenus
1432 1079 1469 1150 iu
1493 1078 1609 1153 devo-

198 1203 289 1278 tione
306 1214 523 1278 samosaucte
542 1206 694 1280 Romane
711 1205 864 1280 Ecclesia
888 1206 1007 1279 matris
1029 1214 1194 1301 tanquam
1219 1204 1384 1300 speciales
1401 1202 1463 1276 lilii
1480 1204 1607 1300 persis-

196 1337 306 1404 tentes
321 1327 367 1404 de
384 1328 461 1426 ipsa
477 1329 567 1426 quid
581 1339 714 1405 rectum
731 1338 766 1404 et
778 1331 960 1404 honestum
978 1340 1031 1404 est
1048 1331 1220 1422 sentiatis,
1238 1338 1433 1403 avertentes
1450 1351 1552 1403 aures
1565 1330 1611 1402 ab

196 1451 239 1526 iis
255 1453 318 1550 qui
335 1454 480 1528 fallaciis
497 1464 533 1527 et
548 1454 739 1528 mendaciis
756 1454 987 1529 innocentiam
1005 1463 1040 1528 et
1053 1455 1222 1547 justitiam
1238 1455 1440 1528 subvertere
1463 1453 1611 1527 moliun-

197 1586 263 1652 tur.
282 1578 373 1664 Quia
399 1601 460 1676 per
484 1580 606 1653 merita
634 1579 823 1654 beatissimi
849 1579 939 1652 Petri
966 1580 1023 1652 cui
1049 1579 1129 1652 licet
1150 1579 1286 1674 indigui
1312 1579 1552 1653 successimus.
1573 1579 1609 1650 iu

197 1704 406 1798 apostolatus
427 1703 560 1795 officio,
581 1703 788 1800 precedente
808 1704 930 1778 Christi
947 1705 1056 1800 gratia
1080 1713 1115 1778 et
1131 1713 1296 1799 sequente
1314 1703 1390 1796 illa,
1413 1704 1611 1777 curabimus

197 1827 379 1922 diligenter
396 1828 532 1904 efficere
548 1851 619 1926 que
638 1830 686 1904 ad
709 1829 819 1903 divini
842 1829 991 1904 nominis
1008 1829 1170 1924 gloriam,
1190 1826 1385 1923 Apostolice
1412 1827 1512 1901 Sedis
1541 1826 1613 1900 bo-

196 1971 337 2046 norem,
359 1953 547 2049 imperialis
564 1955 768 2028 excellentie
791 1953 1083 2050 magnitudinem,
1103 1953 1249 2027 salutem
1274 1955 1468 2027 animarum
1485 1963 1521 2028 et
1537 1973 1614 2027 ccr-

195 2095 321 2172 porum
336 2075 597 2152 redundabunt.

424 2395 1369 2408 Qunam—u·—

247 2665 460 2752 Fridericus
478 2692 545 2750 rex
564 2666 712 2752 Siciliae
737 2667 893 2754 Nicolac
911 2667 1193 2778 archiepiscopo
1210 2666 1448 2752 Salamitauo
1465 2693 1610 2753 couce-
1654 2685 1797 2795 [ml.

197 2801 310 2886 ditet
326 2800 642 2886 confirmatboua
659 2801 790 2886 omnia
803 2827 878 2912 que
891 2801 1103 2886 Matthaeus
1116 2810 1154 2884 et
1167 2800 1399 2885 Guisccrdus
1412 2801 1526 2910 Rupti
1544 2827 1611 2884 seu

197 2935 246 3020 de
259 2935 395 3046 Raptis
404 2934 540 3020 fratres
552 2935 677 3020 eidem
686 2935 864 3020 ecclesiae
877 2936 1115 3020 donaverimt
1127 2935 1166 3016 iu
1182 2934 1370 3018 territorio
1379 2934 1562 3022 Nuceriae
1574 2945 1612 3018 et

195 3068 326 3178 Sami,
345 3068 617 3152 nonobstante
641 3070 747 3180 quod
768 3079 922 3180 propter
946 3068 1225 3156 contumaciam
1243 3069 1523 3180 praedictorum
1540 3095 1611 3154 re-

196 3202 280 3314 giae
297 3203 426 3288 uidae
442 3202 682 3314 incorporata
700 3203 853 3289 fuerim.

276 3419 400 3500 (lnedlt
420 3437 470 3500 cp.
486 3421 640 3484 archivum
661 3421 788 3500 urcblcp
804 3422 933 3496 sulem„
955 3437 1024 3484 arca
1040 3422 1086 3498 11,
1104 3429 1182 3496 1813
1203 3437 1242 3484 cx
1262 3421 1413 3502 originali,
1429 3427 1466 3483 ut
1482 3421 1612 3498 videtur,

314 3527 366 3588 sed
379 3529 507 3591 crassius
519 3529 627 3607 scripto
640 3535 670 3590 et
688 3531 787 3590 mlnus
806 3534 943 3591 accurate
961 3529 1091 3591 redacto.
1106 3528 1244 3608 sigillum
1260 3527 1342 3606 quod
1364 3544 1529 3606 appensum
1551 3537 1614 3592 erut

314 3634 419 3714 perlit,
433 3633 486 3696 scd
498 3650 663 3696 remansere
675 3635 736 3697 duo
748 3635 893 3698 loramlna
905 3635 945 3698 ad
958 3652 1040 3698 orum
1053 3633 1242 3698 membranae
1260 3633 1451 3716 infertorem.)

242 3818 282 3892 lu
301 3819 442 3894 nomine
459 3821 522 3895 Dei
540 3821 649 3896 eterni
666 3830 701 3896 et
719 3823 904 3897 salvatoris
932 3824 1039 3897 ncsui
1063 3825 1144 3897 lesu
1169 3821 1305 3895 Christi.
1331 3818 1534 3894 Fredericus
1552 3821 1612 3896 Dei

196 3942 306 4036 gratia
322 3965 388 4018 rex
406 3944 535 4039 Sicilie,
550 3945 699 4020 ducatus
713 3945 840 4044 Apulic
856 3955 892 4021 et
905 3947 1118 4046 principatus
1131 3947 1260 4046 Capua.
1277 3946 1313 4020 Si
1330 3946 1458 4019 inclitis
1473 3947 1615 4042 Decque

196 4066 321 4142 dicatis
343 4068 429 4142 loeis
452 4091 522 4144 non
546 4071 658 4144 solum
663 4125 1150 4146 ...............
1171 4071 1234 4146 sed
1252 4079 1287 4145 et
1308 4071 1518 4168 protectione
1534 4077 1613 4142 stu-

195 4191 390 4289 duerimus,
411 4197 580 4292 presentis
604 4197 679 4272 vite
706 4197 909 4293 suffragium
937 4208 973 4273 et
1000 4207 1117 4274 eterne
1140 4197 1333 4272 remedium
1358 4195 1514 4270 invenire
1541 4216 1611 4267 uou

194 4317 404 4413 titubamus,
430 4329 465 4394 et
492 4321 522 4393 si
552 4322 589 4396 in
615 4321 804 4420 plurimum
830 4324 978 4420 gradum
1003 4325 1136 4420 erigere
1161 4345 1345 4416 conamur,
1375 4320 1483 4395 nostri
1512 4319 1611 4416 regui

231 4618 270 4692 (t)
287 4619 328 4678 lix
338 4617 392 4680 hoc
404 4621 464 4682 loco
477 4639 638 4700 responsum
659 4641 745 4703 papae
766 4643 820 4686 uon
836 4633 899 4686 ante
922 4634 1064 4687 exeuntem
1080 4628 1178 4704 julium
1194 4627 1296 4686 editum
1316 4625 1398 4686 fuisse
1411 4625 1555 4685 cadmus.
1569 4623 1610 4684 hd

196 4713 278 4778 tinem
289 4720 432 4796 cerciunii
441 4725 564 4800 repccut
574 4725 753 4802 bosbmcms
767 4729 868 4803 hopael.
883 4731 992 4803 impar„
1004 4745 1033 4806 p.
1047 4731 1109 4802 aet,
1126 4737 1158 4786 n·
1171 4729 1217 4786 ll.
1269 4731 1272 4736 '
