4334 5980
259 578 356 638 turer.
377 575 435 655 ln]
706 575 903 638 lllS'l'Olllll
927 575 1217 638 IllPLOllll'l'lGll.
1620 575 1676 638 193

258 713 430 784 Panormi.
452 712 620 784 Volumus
645 733 787 807 qnoque
812 723 848 785 et
864 713 964 786 vobis
992 713 1213 786 concedimus
1234 723 1269 786 et
1291 711 1534 786 confirmamus
1551 721 1591 782 ut
1609 731 1672 808 pro

258 834 503 908 anniversariis
528 835 660 908 domiui
687 835 863 931 qnondam
893 837 1108 932 imperatoris
1132 847 1167 910 et
1192 835 1333 910 domine
1356 837 1582 932 imperatricis
1609 857 1672 932 pu·

258 969 395 1032 rentum
415 971 608 1034 nostrorum
628 971 662 1035 et
680 963 830 1034 felicium
850 985 971 1055 regum
989 962 1126 1055 Rogerii
1147 971 1183 1036 et
1201 963 1381 1056 utriusque
1402 963 1494 1056 regis
1510 960 1671 1033 Willelmi

260 1084 351 1156 bone
369 1085 552 1176 memorie,
576 1094 738 1158 statutam
756 1088 1009 1182 eleemosynam
1026 1087 1181 1158 habeatis
1200 1113 1209 1158 ε
1229 1086 1266 1158 in
1283 1107 1493 1181 unoquoque
1510 1079 1674 1158 uidelicet

261 1210 497 1283 anniversario
517 1219 654 1283 tarenos
672 1211 723 1283 CC
740 1220 775 1284 et
791 1231 908 1284 cereos
929 1219 965 1284 et
982 1211 1076 1284 aloes
1092 1208 1144 1307 (o)
1162 1221 1232 1284 tam
1248 1233 1312 1308 pro
1327 1211 1413 1308 ipsis
1429 1208 1674 1284 anniversariis

231 1347 235 1354 ·
261 1351 366 1424 quam
388 1353 449 1425 pro
465 1333 737 1404 solemnitatibus
755 1331 927 1404 dominice
942 1332 1148 1424 Nativitatis,
1171 1333 1440 1407 Resurrectionis
1456 1342 1490 1404 et
1506 1333 1673 1426 Assump-

264 1455 368 1528 tionis
383 1456 547 1551 Virginis,
563 1458 756 1531 secuudum
776 1459 872 1553 quod
890 1457 1018 1530 habere
1036 1459 1112 1554 ipsa
1129 1459 1274 1532 ecclesia
1292 1459 1485 1548 consucvit,
1503 1467 1537 1530 et
1552 1467 1594 1528 ut
1605 1457 1673 1530 cle·

263 1580 326 1654 rici
349 1583 461 1678 ipsius
478 1585 622 1658 ecclesio
644 1584 794 1658 habeant
816 1585 851 1656 in
879 1587 964 1658 festo
989 1585 1219 1680 apostolomm
1243 1585 1392 1657 Simonis
1412 1595 1447 1657 et
1462 1583 1552 1658 Jnde
1570 1582 1673 1677 quin-

263 1714 385 1799 genbs
399 1715 534 1780 tarenos
547 1729 610 1802 pm
623 1709 744 1804 cappis
760 1719 798 1780 ut
810 1708 1043 1782 anniversaria
1058 1709 1233 1804 parentele
1244 1709 1340 1802 regie
1353 1709 1464 1780 lacere
1478 1715 1670 1778 teneantur.

264 1827 492 1903 Conoedimus
513 1853 654 1926 quoque
681 1841 717 1906 et
741 1831 985 1906 confirmamus
1010 1833 1108 1906 vobis
1130 1831 1284 1928 predicto
1308 1834 1416 1905 electo
1440 1841 1476 1904 et
1498 1831 1618 1903 decem
1640 1837 1674 1900 et

264 1963 341 2026 octo
354 1955 529 2029 canonicis
541 1956 710 2030 decimam
724 1959 880 2030 omnium
894 1957 1041 2054 piscium
1057 1958 1295 2032 tunuariarum
1307 1965 1500 2030 nostrarum
1514 1953 1674 2028 Panormi

264 2087 304 2150 ut
319 2077 430 2174 ipsam
453 2080 586 2174 integre
603 2082 791 2178 recipiatis,
818 2083 908 2156 sicut
924 2083 961 2155 in
978 2083 1047 2156 alio
1064 2082 1248 2179 privilegio
1265 2082 1366 2155 vobis
1387 2080 1523 2154 indulto
1540 2079 1676 2175 plenius

266 2203 458 2276 continetur
481 2205 545 2302 (l).
572 2206 799 2280 Conoedimus
821 2209 924 2281 etiam
950 2218 985 2281 et
1008 2208 1180 2280 donamus
1205 2207 1306 2280 vobis
1333 2205 1488 2303 predicto
1509 2207 1618 2278 electo
1641 2213 1676 2276 et

266 2325 385 2400 decem
401 2337 436 2401 et
450 2338 528 2402 octo
546 2331 720 2404 canonicis
738 2341 773 2404 et
791 2333 944 2428 predicto
960 2333 1201 2406 Panormitano
1217 2332 1361 2405 ecclesie
1378 2339 1483 2426 atque
1498 2330 1533 2402 in
1549 2349 1673 2426 perpe·

266 2461 363 2522 tunm
389 2451 634 2526 confirmamus
658 2475 779 2530 omnes
796 2457 923 2548 judeos
942 2456 1091 2529 civitatis
1117 2466 1232 2529 nostre
1248 2455 1486 2528 Panormitano
1509 2455 1570 2550 qui
1596 2461 1678 2526 sunt

266 2585 300 2646 et
323 2595 400 2647 esso
424 2584 585 2671 poterunt
603 2577 639 2648 in
658 2577 787 2668 lutum,
807 2589 842 2651 ct
871 2578 1082 2672 ubicumque
1109 2577 1238 2650 luerint
1261 2577 1419 2650 homines
1443 2577 1512 2650 sint
1533 2573 1677 2648 ecclesie

265 2709 300 2771 et
317 2699 418 2772 vobis
439 2700 475 2772 iu
495 2701 658 2773 omnibus
681 2701 879 2775 redditibus
896 2714 931 2776 ct
953 2702 1090 2774 tributis
1108 2702 1212 2796 gieio,
1232 2701 1306 2772 vini
1324 2711 1359 2774 et
1383 2700 1516 2773 macelli
1540 2709 1576 2771 et
1600 2697 1676 2772 aliis

266 2825 415 2896 servitiis
431 2826 682 2920 respondeant,
701 2827 792 2898 sicut
815 2827 911 2900 curie
927 2835 1042 2899 nostre
1058 2824 1267 2922 respondere
1282 2835 1317 2896 et
1334 2824 1464 2898 servire
1482 2821 1673 2914 debebant,

265 2956 301 3019 at
318 2955 421 3020 totam
442 2949 582 3022 tinctam
602 2972 671 3044 que
692 2949 782 3022 litet
802 2948 875 3022 fieri
893 2949 1017 3044 poterit
1034 2949 1069 3020 iu
1085 2951 1252 3022 Panormo
1270 2969 1350 3020 cum
1371 2945 1513 3020 lundico
1531 2955 1566 3018 et
1582 2944 1676 3018 omni

262 3072 608 3164 incastrationibus
630 3074 723 3166 suis,
743 3075 835 3148 sicut
860 3075 896 3146 in
926 3074 994 3146 alio
1016 3073 1198 3170 privilegio
1226 3073 1432 3146 continetur.
1451 3069 1678 3143 Conoedimus

266 3205 422 3292 preterea
444 3195 560 3272 eidem
586 3200 695 3272 electo
718 3208 753 3272 et
774 3199 1013 3272 Panormitano
1028 3199 1174 3272 ecclesie
1196 3207 1231 3271 et
1250 3206 1414 3294 perpetuo
1438 3194 1680 3269 confirmamus

265 3321 502 3396 molendinum
526 3323 563 3396 in
588 3323 729 3396 civitate
752 3324 911 3397 Panormi
934 3345 955 3396 a
982 3343 1065 3418 rege
1086 3323 1258 3394 Willelmo
1279 3323 1308 3394 ll
1332 3322 1399 3418 ipsi
1422 3319 1565 3394 ecclesie
1588 3339 1680 3392 con-

266 3465 402 3518 sessum
426 3455 462 3520 et
483 3447 648 3521 olivetum
674 3469 839 3542 magnum
860 3451 964 3542 juxta
993 3448 1158 3520 Favaram
1183 3447 1229 3520 ab
1255 3447 1331 3542 ipsa
1358 3445 1574 3542 imperatrice
1600 3445 1679 3517 col-

267 3569 387 3642 latum.
412 3569 641 3647 Conoedimus
663 3573 766 3646 etiam
791 3583 826 3646 et
848 3570 1093 3646 confirmamus
1114 3571 1216 3644 vobis
1236 3569 1487 3644 Panormitauis
1506 3567 1682 3642 canonicis

266 3695 379 3768 casale
396 3695 524 3768 Sabuci
547 3717 628 3769 cum
648 3697 844 3770 tenimentis
861 3697 934 3770 suis
952 3706 987 3768 et
1003 3705 1043 3768 ut
1058 3696 1160 3768 liceat
1179 3695 1370 3789 unicuique
1386 3703 1540 3768 vestrum
1561 3702 1682 3766 exba-

266 3816 406 3914 herossde
415 3841 637 3914 quocumque
653 3831 753 3917 portu
768 3821 958 3912 volueritis,
969 3831 1117 3916 excepto
1134 3829 1235 3916 portu
1250 3819 1423 3910 Panormi,
1433 3819 1542 3892 libere
1557 3828 1592 3892 et
1608 3817 1683 3892 sine

267 3941 383 4038 aliqua
400 3941 539 4018 datione
555 3953 692 4017 centum
710 3947 837 4019 salmas
851 3945 1013 4018 frumenti
1027 3943 1234 4018 vendendas
1246 3943 1377 4040 quibus
1389 3919 1581 4031 volueritis,
1593 3951 1627 4015 et
1644 3942 1681 4013 in

267 4065 411 4141 llumino
434 4068 642 4143 Avedbabes
666 4071 792 4143 saltum
819 4069 1007 4144 molendini
1030 4068 1126 4165 quod
1149 4067 1277 4142 dicitur
1293 4067 1390 4141 Cadii
1412 4069 1457 4164 (b)
1481 4077 1517 4140 et
1543 4067 1679 4139 barcam

267 4211 373 4264 unam
390 4192 605 4289 piscationis,
626 4195 716 4268 sicut
731 4195 768 4266 in
787 4195 864 4268 aliis
884 4193 1075 4292 privilegiis
1088 4193 1295 4285 continetur,
1316 4202 1350 4265 et
1368 4201 1406 4264 ut
1419 4190 1557 4288 possitis
1571 4189 1679 4264 libere

309 4367 350 4447 (o)
371 4368 429 4446 Ap.
444 4369 563 4431 Pirrum
576 4387 614 4430 cc
626 4366 700 4432 aloe.

307 4473 342 4552 (b)
361 4475 420 4553 Ap.
432 4476 598 4556 blongltorc
613 4473 979 4538 Muoedobu-Arcodii.

303 4712 339 4786 (t)
355 4713 418 4774 vid.
431 4729 527 4790 supra,
540 4732 568 4791 p.
582 4717 645 4773 486.

345 4810 372 4873 l.
