4382 5946
1068 521 1281 584 rnronsrcr
1305 522 1478 586 sscnnnr
1790 524 1869 608 [nm
1887 525 1975 592 rata

785 791 1761 806 nffl—-u--n—--u--u--n--um

458 1055 472 1086 ²
528 1042 854 1152 Fridericus,
873 1041 1133 1126 Romanorum
1151 1067 1237 1148 rex,
1255 1041 1401 1126 civibus
1427 1043 1476 1125 de
1503 1042 1706 1126 Camemoo
1723 1045 1853 1128 omnia
1865 1045 1972 1155 jura,

497 1173 775 1280 libertates,
792 1175 1083 1258 consuetudines
1101 1173 1221 1256 bonas
1234 1183 1271 1257 et
1287 1174 1483 1284 privilegia
1501 1173 1551 1258 ab
1568 1201 1639 1260 arc
1655 1185 1694 1258 et
1709 1187 1817 1286 patre
1834 1203 1904 1264 sno
1921 1179 1973 1264 cis

571 1307 720 1390 indulta
737 1305 938 1390 confirmat
954 1317 992 1389 et
1003 1307 1187 1390 concedit.

653 1522 771 1603 (lnedlt.
786 1538 823 1584 cx
836 1521 937 1584 codice
951 1521 986 1584 B.
1004 1529 1094 1600 noas,
1107 1523 1139 1581 ln
1153 1519 1226 1582 blbl.
1240 1535 1348 1582 comm.
1368 1519 1530 1594 mm,
1544 1535 1676 1600 pergam
1694 1537 1753 1584 see.
1774 1520 1866 1598 xm,
1879 1524 1973 1586 cont·

690 1633 778 1690 nenia
792 1629 945 1707 privilegia
957 1628 1096 1690 occlmac
1106 1627 1221 1688 Gamo.
1235 1625 1325 1705 hnjns
1335 1627 1425 1688 sccnll
1441 1632 1472 1687 et
1489 1627 1706 1704 praecedentis,
1721 1625 1791 1688 lollo
1809 1635 1848 1690 tt
1865 1626 1973 1707 ruso.)

620 1813 816 1889 Fridericns
833 1815 896 1888 Dei
914 1813 1025 1910 gratia
1045 1814 1276 1888 Romanomm
1298 1835 1362 1888 rex
1378 1821 1414 1886 et
1427 1833 1563 1910 semper
1580 1822 1769 1910 angustus,
1787 1823 1823 1888 at
1837 1836 1901 1890 rex
1918 1816 1974 1888 Si·

574 1941 669 2028 cilie,
690 1939 824 2012 dilectis
837 1939 911 2011 suis
929 1937 1100 2011 universis
1124 1938 1261 2010 civibns
1278 1936 1324 2011 de
1339 1938 1520 2012 Cameraoo
1536 1938 1682 2032 gratim
1705 1959 1806 2012 snam
1823 1948 1859 2012 et
1875 1958 1974 2012 omne

572 2065 715 2138 bonum.
747 2063 840 2136 Scire
864 2062 967 2138 debet
991 2071 1107 2136 vestra
1128 2062 1288 2136 discretio
1310 2061 1407 2157 qnod
1433 2083 1495 2157 pro
1522 2061 1686 2137 fidelitate
1705 2063 1852 2136 ferventi
1872 2085 1973 2160 qnam

575 2189 665 2261 circa
682 2208 864 2284 personam
882 2185 1049 2259 carissimi
1066 2185 1125 2260 ari
1143 2187 1249 2259 nostri
1270 2185 1433 2260 Friderici
1454 2196 1489 2259 et
1505 2186 1612 2282 petris
1633 2187 1739 2260 nostri
1755 2187 1892 2261 Hsnrici
1910 2191 1973 2262 llo·

572 2333 755 2388 mancmm
773 2313 1017 2409 imperatomm
1033 2320 1217 2406 nostreque
1232 2332 1378 2407 persone
1392 2311 1641 2407 promotionem
1662 2309 1709 2386 ad
1735 2309 1898 2386 diadema
1913 2313 1974 2384 im-

574 2437 660 2534 perii
678 2459 815 2533 semper
830 2435 1012 2528 habaistis,
1028 2455 1148 2508 omnes
1165 2455 1229 2508 vos
1246 2435 1366 2508 intimo
1380 2435 1573 2508 dilectionis
1586 2435 1710 2508 aliectn
1722 2435 1971 2532 amplectimur,

571 2583 704 2656 vosque
729 2562 764 2634 in
787 2561 881 2634 omni
902 2561 982 2652 inre
1013 2569 1130 2632 vestro
1153 2567 1188 2632 et
1215 2557 1346 2632 honore
1376 2559 1539 2631 volomus
1565 2558 1727 2656 deinceps
1757 2580 1970 2632 conservare.

572 2685 672 2759 Unde
689 2706 751 2780 per
771 2685 902 2758 litteras
920 2693 1096 2780 presentes
1120 2683 1322 2756 anctoritate
1341 2683 1447 2778 regali
1465 2681 1708 2756 confirmamus
1724 2683 1824 2756 vobis
1844 2693 1878 2758 et
1895 2705 1975 2757 con-

574 2810 728 2883 cedimus
744 2810 861 2882 cmnia
881 2809 973 2900 jura,
1000 2809 1174 2882 libertates
1196 2817 1231 2881 et
1253 2805 1520 2881 consuetudines
1536 2806 1644 2879 bonas
1661 2815 1697 2879 et
1715 2808 1896 2903 privilegia
1919 2809 1974 2882 ari

576 2942 610 3008 et
627 2933 733 3030 petris
749 2935 855 3006 nostri
873 2955 944 3028 qne
959 2941 1073 3006 vestre
1090 2929 1222 3004 civitati
1238 2928 1447 3006 contradidit
1462 2927 1557 3026 (sic);
1575 2937 1763 3004 statuentes
1777 2941 1811 3004 et
1827 2931 1975 3006 districte

575 3057 802 3153 precipientes
812 3079 857 3130 ne
870 3057 985 3152 aliqua
999 3077 1158 3152 persona,
1175 3057 1250 3130 sive
1262 3056 1429 3130 clericalis
1441 3055 1517 3128 sive
1532 3055 1675 3140 laicalis,
1692 3055 1781 3128 hanc
1798 3054 1974 3132 confirma·

576 3184 703 3256 tionem
721 3189 835 3256 nostre
853 3181 1040 3274 majestatis
1056 3177 1399 3275 andsatinlringere.
1419 3177 1476 3252 Ad
1489 3183 1590 3272 cnjus
1609 3179 1660 3254 rei
1677 3177 1887 3256 evidentiam
1900 3203 1975 3278 pra-

577 3307 664 3381 senti
681 3307 808 3402 scriptc
827 3304 1004 3398 [sigillum]
1019 3303 1208 3396 majestatis
1223 3312 1339 3378 noste
1349 3303 1516 3398 jussimus
1531 3303 1671 3399 apponi.

622 3433 749 3504 Datum
762 3429 859 3527 apnd
875 3428 1110 3502 Wormatiam.

625 3553 680 3625 llii
698 3563 780 3626 sunt
798 3561 901 3626 testes
918 3549 1097 3626 Conmdus
1115 3549 1276 3625 distensis
1294 3559 1329 3624 et
1349 3549 1520 3648 Spirensis
1534 3551 1716 3648 episcopus
1736 3559 1771 3625 et
1793 3549 1976 3649 imperialis

577 3679 655 3751 anle
672 3675 896 3750 cancellarius
913 3684 948 3748 et
962 3696 1076 3750 comes
1091 3673 1253 3748 Albertns
1267 3673 1313 3748 de
1328 3675 1506 3748 llberstcn.

625 3799 749 3872 Actum
763 3819 855 3872 anno
871 3798 1009 3871 Domini
1026 3799 1074 3872 lll⁰
1088 3797 1152 3872 CC⁰
1168 3799 1286 3888 Xllll‘,
1304 3797 1412 3872 Xllll⁰
1425 3797 1590 3874 kalendas
1606 3799 1759 3896 angusti.

385 4375 457 4472 [pr
465 4380 539 4430 nna
630 4351 715 4460 lpso
728 4349 841 4433 ctiam
859 4359 1028 4458 tempore
1045 4351 1220 4458 [cumrato
1237 4349 1394 4454 mansel,
1413 4345 1626 4432 Fridericus
1642 4371 1709 4431 rex
1726 4344 1875 4430 Siciliae
1891 4369 1978 4430 cum

372 4534 500 4643 Ἥ
435 4459 550 4641 ΠΙ..
577 4483 811 4568 validissimo
837 4482 1002 4566 exercitu
1031 4480 1227 4568 Mosellam
1252 4479 1428 4564 transivit
1452 4489 1490 4564 et
1519 4487 1661 4564 terrore
1691 4503 1762 4564 suo
1791 4479 1980 4591 quoslibet

421 4589 725 4700 “⁸¹⁰¹ncbiles
755 4625 877 4700 terrae
902 4613 1005 4698 illius
1031 4614 1081 4698 ed
1108 4613 1277 4699 favorem
1302 4633 1416 4699 suum
1441 4613 1649 4700 inclinavit.
1667 4613 1811 4698 Deinde
1835 4614 1980 4700 Mosam
