4334 5980
247 547 349 607 mm*
364 545 404 622 n]
696 541 894 604 ursanum
919 543 1210 606 nrmousrrca,
1598 542 1661 620 aaa

295 679 440 774 Signum
467 675 599 750 domini
628 675 793 750 Friderici
819 677 983 772 secundi,
1005 679 1235 754 Romanorum
1261 677 1353 772 regis
1379 676 1597 750 invictissimi
1623 685 1658 748 ot

246 789 339 898 regis
356 801 472 874 Sicilie
488 799 772 897 (linaeqrommo).

294 929 367 1020 Ego
389 924 571 998 Conradns
597 925 760 998 Maiensis
781 925 981 1020 episcopos,
1011 926 1197 1022 imperialis
1216 927 1297 998 aule
1318 925 1559 1016 cancellarius,
1579 924 1658 998 vioe
1763 949 1765 954 ’

247 1050 378 1124 domini
400 1050 518 1123 Silridi
545 1049 739 1144 hlagnntini
764 1050 1009 1148 archiepiscopi
1033 1060 1068 1124 et
1090 1051 1194 1124 totius
1223 1050 1402 1123 Germanis
1426 1049 1658 1123 archicancel-

246 1176 339 1268 larii,
356 1174 558 1268 recognovi.

221 1347 225 1360 ›
293 1301 380 1374 Acta
402 1309 484 1374 sunt
504 1299 570 1372 hec
596 1319 689 1371 anno
715 1297 887 1372 dominice
915 1299 1159 1373 incarnationis
1183 1299 1381 1392 mechir,
1406 1298 1595 1373 indictione
1618 1301 1653 1390 1,

247 1436 413 1520 regnante
443 1423 583 1496 domino
613 1421 787 1496 Friderico
812 1423 967 1496 secundo
990 1425 1221 1498 Romanorum
1242 1445 1325 1520 rege
1348 1425 1495 1520 glorioso
1518 1433 1553 1498 et
1573 1444 1656 1518 rogo

246 1549 374 1639 Sicilie,
389 1569 480 1622 anno
496 1548 594 1642 regni
612 1549 687 1640 ojus
698 1547 842 1620 Romani
858 1547 899 1634 1⁰,
921 1548 1017 1642 regni
1030 1571 1114 1622 vero
1128 1549 1243 1622 Sicilie
1262 1551 1348 1622 ΧΨ.

294 1677 418 1748 Datum
434 1672 530 1770 apud
548 1673 786 1768 Ratisponam,
808 1673 914 1745 Xllll⁰
931 1672 1097 1746 kalendas
1117 1673 1242 1746 martii.

299 2269 531 2377 FridericuS,
550 2268 812 2352 Romanorum
829 2293 915 2374 rex,
935 2267 1120 2350 universis
1142 2265 1291 2376 imperii
1308 2265 1484 2350 fidelibus
1502 2294 1571 2378 per
1587 2278 1655 2350 to·
1762 2307 1790 2349 ro

246 2413 327 2486 lam
344 2400 632 2506 Lombardiam,
653 2399 862 2480 marchiam
885 2397 1160 2503 veronensem,
1181 2397 1357 2480 Tusciam
1379 2407 1416 2480 et
1442 2398 1657 2482 Romaniu-

246 2535 326 2617 lam
359 2535 571 2618 constitutis
602 2534 761 2616 mandat
791 2558 832 2614 se
865 2531 1097 2616 Fridericum
1134 2531 1396 2615 Tridentinum
1437 2532 1656 2641 episcopum

247 2670 572 2780 consanguineum
592 2693 706 2751 sunm
724 2669 951 2750 constituere
977 2666 1017 2748 in
1045 2666 1127 2748 istis
1153 2666 1325 2774 partibus
1346 2665 1516 2776 legatum
1543 2691 1658 2748 suum

250 2803 466 2913 generalem
474 2812 511 2886 et
520 2803 554 2886 ei
563 2801 743 2884 vicariam
757 2803 807 2884 ad
821 2811 993 2910 tempora
1007 2799 1105 2883 vitae
1117 2798 1200 2910 ejus
1213 2800 1253 2880 in
1268 2799 1425 2882 feudum
1435 2799 1653 2882 concedere.

326 3018 440 3095 (Edidit
453 3019 602 3090 Bonnam,
618 3015 732 3078 Notizic
746 3015 829 3076 ictor.
844 3013 960 3076 criticltr
972 3015 1089 3076 intorno
1101 3011 1134 3074 at
1146 3011 1300 3094 Adrhrrcto
1312 3031 1416 3075 oesooo.
1436 3011 1511 3074 artu
1524 3011 1616 3074 otton
1626 3012 1660 3075 di

369 3121 737 3202 Treato(Trents,1754),
752 3124 829 3197 t.11‚
842 3122 961 3184 docum.
975 3139 1005 3200 p.
1021 3132 1095 3197 5343
1107 3139 1145 3182 ex
1158 3128 1344 3199 uansumptc
1358 3138 1428 3181 ann.
1443 3131 1518 3181 1218
1532 3139 1550 3182 a
1564 3123 1658 3182 lrlbos

366 3233 486 3291 notariis
499 3231 626 3309 signato,
642 3231 789 3308 registrnt.
802 3231 834 3290 tn
848 3229 914 3291 cod.
930 3227 1120 3310 Wnoqlriooo,
1130 3238 1163 3290 n⁰
1180 3237 1249 3308 tte,
1262 3230 1306 3290 lto
1316 3231 1468 3289 nominato
1488 3243 1581 3306 quum
1595 3230 1658 3304 ept-

367 3353 474 3413 scopns
488 3339 544 3398 tnta
556 3337 724 3398 Frldcrlcos
736 3335 827 3397 inerit
839 3343 962 3397 vocatos
981 3335 1119 3418 Wanqa.)

295 3521 500 3596 Fredericos
515 3522 636 3596 divina
654 3524 791 3596 favente
808 3521 989 3595 clementia
1002 3519 1189 3612 secundus,
1202 3522 1433 3594 Romanorum
1448 3523 1511 3596 ren
1523 3543 1658 3618 semper

249 3659 417 3743 angustus
432 3657 468 3722 ct
479 3669 543 3722 mx
553 3648 680 3742 Sicilie,
699 3649 871 3732 univorsis
888 3648 1024 3744 imperii
1043 3646 1221 3734 lidelibns,
1242 3645 1525 3746 archiepiscopis,
1543 3660 1659 3745 potes·

249 3773 376 3846 tatibus
394 3773 470 3844 sive
489 3772 690 3846 consulibus
708 3781 812 3868 atquc
831 3773 1072 3846 communibus
1095 3771 1273 3844 civitatum
1289 3781 1324 3844 et
1339 3772 1485 3845 aliorum
1505 3775 1658 3848 locorum

249 3917 401 3969 necnon
418 3897 694 3985 marchionibus,
715 3897 919 3981 comitibus,
942 3895 1136 3988 nobilibus,
1159 3896 1345 3969 baronibus
1367 3907 1472 3994 atque
1495 3901 1656 3972 omnibns

248 4039 309 4114 per
334 4028 438 4092 totam
457 4019 700 4094 lombardiam
720 3997 825 4116 atque
847 4021 1034 4092 marchiam
1054 4021 1284 4094 Veronensem
1304 4029 1339 4094 et
1360 4023 1516 4096 Tusciam
1536 4032 1570 4096 et
1587 4025 1655 4096 Ro·

248 4143 398 4216 maniam
416 4143 625 4237 constitutis,
649 4144 792 4238 gratiam
815 4167 915 4218 snam
939 4153 974 4218 et
995 4145 1122 4218 bonam
1146 4146 1372 4218 voluntatem.
1393 4148 1533 4241 Regiam
1556 4147 1656 4222 decet

249 4266 518 4342 munificentiam
538 4280 759 4365 expertorum
779 4268 935 4343 fidelium
952 4292 1094 4344 suornm
1114 4271 1234 4344 merita
1255 4291 1499 4364 recognoscere
1519 4293 1656 4346 corum·

249 4413 318 4486 qne
329 4393 518 4466 commodis
530 4404 565 4466 at
576 4394 765 4468 honoribus
780 4395 855 4468 sina
867 4396 1117 4470 intermissione
1130 4394 1326 4490 providere.
1339 4395 1395 4467 Ex
1406 4395 1538 4467 liberali
1551 4397 1655 4490 igitur

250 4515 553 4612 circumspectione
565 4530 682 4593 nostra
696 4521 850 4592 volentes
865 4519 994 4592 bonnm
1008 4529 1146 4608 statum,
1162 4541 1283 4614 pacem
1296 4529 1331 4592 st
1340 4529 1492 4616 optatam
1504 4520 1656 4615 quietem

249 4660 311 4734 per
325 4648 433 4714 totum
447 4641 629 4738 imperium
646 4653 680 4716 et
693 4644 885 4740 specialiter
898 4645 986 4716 inter
1007 4665 1071 4717 vos
1085 4654 1249 4738 tanquam
1266 4643 1505 4718 dilectissimos
1523 4655 1657 4720 nostros

327 4772 355 4837 1.
1460 4789 1497 4842 aa
