4378 5954
245 576 343 636 Inter.
358 569 402 656 4.]
695 563 891 627 HISTORIA
916 563 1209 626 cremantes.
1618 567 1656 626 ’Π

243 710 346 783 etiam
364 703 536 778 voluntati
551 701 682 775 domini
697 701 806 798 patris
821 700 929 774 nostri
947 722 994 773 ex
1011 703 1111 794 cujus
1123 699 1340 774 ordinatione
1354 711 1407 774 est
1422 701 1498 797 ipsa
1512 701 1659 776 ecclesia

245 831 418 922 dedicata,
432 851 539 924 super
553 828 634 901 dots
651 825 807 920 ejusdem
821 811 966 900 ecclesie
983 825 1029 898 de
1039 848 1111 921 qua
1125 834 1222 922 pater
1238 835 1353 898 noster
1366 825 1457 898 sicut
1472 847 1659 922 proposue-

244 967 298 1030 rat
312 965 422 1030 morte
438 963 625 1050 preventus
649 973 719 1024 non
746 951 858 1046 potnit
881 950 1063 1042 decorare,
1091 972 1154 1044 pro
1176 949 1292 1024 anima
1318 948 1474 1042 ejusdem
1499 950 1606 1046 patris
1625 961 1661 1024 ct

244 1079 364 1154 matris
380 1087 513 1170 nostre,
533 1075 676 1149 obtentu
695 1093 836 1168 qnoque
853 1073 1005 1168 supremi
1024 1072 1192 1164 nominis,
1207 1083 1242 1145 et
1259 1073 1430 1146 donamus
1447 1073 1509 1145 tibi
1528 1083 1562 1146 et
1580 1095 1659 1170 pre·

245 1205 314 1277 sate
336 1202 482 1276 ecclesie
508 1197 729 1286 Messanensi·
744 1198 781 1269 in
808 1197 922 1272 dotem
948 1195 1176 1271 dedicationis
1198 1220 1262 1271 suc
1281 1207 1316 1272 et
1345 1207 1512 1294 perpetuo
1538 1199 1661 1273 robore

246 1327 489 1402 confirmamus
507 1324 766 1400 Calatabianum
784 1345 865 1396 cum
883 1323 1044 1394 omnibus
1057 1323 1160 1416 justis
1182 1323 1377 1396 tenimentis
1393 1331 1428 1394 et
1446 1322 1661 1418 pertinentiis

246 1453 335 1540 suis,
352 1461 407 1525 eto
409 1499 1086 1524 .....................
1108 1470 1170 1544 per
1188 1469 1313 1521 manus
1332 1447 1469 1522 Andros
1484 1447 1608 1520 notarii
1625 1457 1661 1522 ct

246 1577 360 1652 fidelis
379 1575 506 1667 nostri,
525 1583 592 1648 etc.

294 1703 421 1773 Datum
437 1699 474 1772 in
493 1700 579 1772 urbe
591 1697 751 1772 Panormi
763 1754 772 1787 ,
786 1719 878 1772 anno
892 1697 1010 1790 Mcct,
1029 1718 1147 1770 mense
1159 1697 1272 1790 junio,
1289 1696 1477 1770 indictione
1491 1697 1549 1790 tv,
1562 1701 1660 1792 regni

246 1823 410 1900 Friderici
429 1845 521 1897 anno
538 1823 595 1896 tv.

300 2449 513 2532 Fridericus
530 2475 596 2532 rex
618 2447 767 2533 Siciliae
786 2448 970 2555 [Iohanni]
988 2449 1165 2558 episcopo
1184 2449 1462 2558 Cephalndensi
1480 2461 1518 2534 et
1534 2451 1662 2537 ecclc-

248 2583 325 2666 siae
341 2582 424 2694 cjus
441 2583 614 2666 concedit
631 2593 754 2666 totum
772 2582 869 2666 illud
887 2583 989 2692 qnod
1009 2582 1058 2665 de
1081 2591 1195 2691 portu
1223 2583 1432 2692 Cephaludi
1459 2585 1565 2668 curia
1592 2613 1662 2671 sna
1752 2557 1766 2588 ⁸
1790 2557 1803 2588 ⁰

247 2742 369 2826 usque
387 2717 437 2799 ad
454 2725 626 2825 tempora
642 2717 777 2798 matris
795 2741 887 2798 suae
904 2715 1045 2822 tenuit,
1065 2715 1156 2797 item
1183 2725 1222 2796 et
1247 2716 1445 2800 castellum
1472 2718 1660 2828 Fodinae,

247 2850 497 2932 tenimentum
518 2849 687 2934 Odesrer
711 2859 750 2932 et
774 2849 1025 2932 tenimentum
1042 2847 1200 2934 Harsiae
1218 2875 1307 2932 cum
1325 2850 1431 2934 omni
1445 2849 1533 2960 jure
1550 2863 1587 2936 et
1604 2853 1661 2935 li-

248 2981 392 3066 bertate
413 3007 560 3066 eorum.

328 3221 421 3304 (anto.
438 3217 948 3300 partth.Pmaus,Sirc'1.racrc,
965 3229 989 3284 t.
1005 3223 1052 3299 11,
1067 3238 1099 3302 p.
1115 3230 1190 3299 8⁰4,
1206 3228 1242 3285 nt
1253 3225 1422 3304 scqnttnrr)

299 3436 599 3530 [Fredcricus,etc
603 3489 790 3510 .......
806 3439 953 3529 Damus,
968 3436 1212 3511 confirmamus
1227 3448 1263 3512 et
1279 3439 1315 3512 in
1333 3440 1449 3514 dotem
1462 3442 1661 3546 elargimur]

249 3570 359 3635 totum
378 3561 466 3636 illud
488 3561 585 3656 qnod
602 3561 647 3636 de
665 3571 768 3658 portu
791 3561 981 3660 Caphalndi
1000 3563 1097 3636 curia
1114 3573 1244 3659 nostra,
1265 3585 1287 3638 a
1306 3573 1459 3662 tempore
1478 3567 1537 3642 avi
1556 3571 1663 3643 nostri

248 3707 361 3782 usqne
376 3687 422 3760 ad
438 3693 590 3782 tempora
613 3687 759 3760 aliorum
784 3710 906 3782 regum
932 3687 1215 3784 predecessorum
1244 3697 1497 3763 nostrorumst
1522 3692 1664 3767 dominc

249 3809 476 3906 imperatricis
503 3811 677 3884 carissime
699 3811 878 3908 qnondam
904 3811 1023 3884 matris
1046 3823 1162 3885 nostre
1188 3813 1317 3908 inclyta
1336 3813 1596 3910 recordationis,
1617 3817 1663 3891 ad

249 3957 373 4008 manns
389 3957 471 4009 suas
486 3937 639 4010 retinnit.
665 3937 750 4010 Item
769 3946 804 4009 ct
820 3937 998 4009 castellum
1017 3937 1146 4010 Polline
1168 3959 1250 4009 cum
1272 3937 1469 4012 tenimentis
1492 3949 1527 4014 ct
1553 3943 1664 4038 perti-

248 4061 374 4134 nentiis
387 4061 459 4134 suis
473 4071 508 4135 et
524 4063 749 4136 tenimentum
761 4084 902 4158 qnoque
913 4061 1068 4134 Odesver
1080 4073 1115 4134 et
1131 4061 1355 4134 tenimentum
1371 4063 1505 4156 Harsic,
1523 4065 1664 4140 utillud

248 4184 293 4258 de
312 4195 424 4258 cetero
442 4195 550 4260 totum
564 4196 599 4260 et
612 4187 785 4282 integrum
799 4187 925 4258 habeat
940 4183 1015 4280 ipsa
1033 4183 1305 4282 cephaludensis
1318 4187 1462 4261 ecclesia
1475 4211 1554 4262 cum
1570 4194 1664 4264 omni

244 4309 323 4401 jure
344 4321 378 4383 et
402 4311 558 4385 libertate
580 4333 660 4405 sua,
684 4312 775 4385 sicut
799 4333 952 4408 unquam
981 4310 1106 4383 melius
1134 4310 1170 4382 in
1198 4310 1359 4383 demanio
1383 4333 1504 4408 regum
1528 4336 1664 4412 semper

248 4433 396 4508 existere
413 4437 593 4508 consuevit
596 4490 835 4510 ........

296 4559 420 4662 Datum
434 4559 611 4650 Panormi,
633 4583 725 4634 anno
746 4559 918 4634 dominice
939 4559 1183 4635 incarnationis
1200 4559 1582 4660 MCC1,mensejnnio,
1605 4565 1663 4640 in-

249 4682 400 4759 dictione
415 4685 473 4774 lV,
490 4687 588 4782 regni
607 4708 690 4761 vcro
706 4686 822 4760 Sicilie
839 4707 930 4759 anno
943 4687 1000 4758 tv.
