4378 5954
242 571 402 655 boland]
692 569 888 632 HISTORIA
913 567 1205 631 bll’bollltrtct
1598 568 1651 630 101

242 707 428 782 offenderis
447 706 565 780 nonin
592 707 725 794 multis,
747 707 830 800 quia
853 717 968 780 tamm
989 706 1083 778 illius
1100 706 1178 777 licet
1195 701 1355 775 immeriti
1371 701 1524 796 gerimus
1542 703 1652 776 vicem

243 833 280 906 in
299 833 395 904 terris
410 832 471 926 qui
488 852 568 904 cnm
588 830 695 902 iratus
712 831 815 903 luerit
836 852 904 904 nou
922 830 1138 906 obliviscitur
1155 826 1324 916 misereri,
1347 835 1397 918 te,
1418 826 1549 900 utinam
1571 837 1654 900 tuuc

244 955 290 1030 de
313 956 418 1030 corde
443 976 532 1051 puro
548 965 583 1028 ot
599 954 807 1028 conscientia
826 956 916 1028 bona
938 965 973 1028 et
989 954 1058 1028 lide
1077 975 1145 1028 non
1167 951 1246 1024 licta
1264 971 1459 1042 reversum,
1477 950 1653 1026 avinculo

244 1081 389 1154 lecimus
414 1078 783 1152 excommunicationis
805 1079 939 1152 absolvi
962 1079 1026 1176 (l).
1053 1079 1153 1150 Nunc
1175 1089 1291 1150 cutem
1315 1076 1443 1148 litteras
1465 1085 1543 1148 tuas
1565 1097 1655 1170 quas

243 1226 306 1300 per
328 1205 494 1276 Iacobum
517 1202 679 1276 clericum
698 1214 795 1274 tuom
813 1203 954 1278 latorem
969 1203 1179 1300 presentium
1197 1197 1245 1298 [ot
1258 1196 1357 1296 alios]
1374 1199 1571 1290 destinasti,
1591 1202 1652 1274 be-

243 1328 350 1421 nigne
366 1327 560 1422 recepimus
572 1336 607 1398 et
621 1347 740 1400 carum
760 1335 912 1400 tenorem
931 1329 1033 1422 pleno
1050 1325 1272 1421 concepimus
1290 1325 1483 1416 intellectu,
1506 1325 1654 1419 diligen·

244 1451 313 1522 tius
327 1450 544 1524 attendentes
557 1473 597 1524 ea
610 1473 681 1544 qne
694 1451 760 1546 ipsi
776 1451 875 1524 nobis
892 1451 938 1524 de
957 1451 1120 1524 mandato
1141 1461 1201 1522 tuo
1223 1471 1411 1546 proponere
1429 1459 1648 1524 curaverunt.

243 1576 415 1650 Dixernnt
431 1578 522 1648 enim
546 1587 581 1648 to
602 1575 730 1648 amodo
754 1573 856 1650 fldem
880 1597 1021 1671 puram,
1042 1575 1259 1648 devotionem
1284 1574 1452 1646 sinceram
1476 1581 1511 1646 et
1532 1575 1653 1647 omni-

245 1699 384 1772 modam
402 1699 634 1772 obcdiontiam
651 1701 752 1774 nobis
767 1710 802 1774 et
816 1709 1031 1772 sacrosancte
1044 1701 1196 1772 Romane
1210 1697 1362 1770 Ecclesia
1375 1697 1464 1770 velle
1482 1697 1656 1772 humiliter

244 1824 424 1911 exhibere,
438 1834 542 1918 atque
557 1846 619 1918 pro
638 1825 780 1898 varitate
797 1824 969 1898 servanda
985 1825 1085 1898 nobis
1099 1845 1145 1896 ex
1160 1831 1256 1918 parte
1274 1831 1333 1894 tua
1350 1821 1549 1894 obtulerunt
1562 1843 1654 1916 qua-

245 1957 323 2019 tuor
337 1948 514 2022 cautiones
533 1975 542 2019 ε
559 1949 669 2043 primo
682 1949 885 2041 juratoriam
905 1970 927 2021 a
946 1959 980 2022 te
992 1959 1027 2022 et
1049 1947 1211 2020 fratribus
1225 1945 1294 2018 tuis
1311 1944 1485 2018 nobilibus
1499 1945 1585 2018 viris
1602 1947 1650 2020 M.

244 2083 278 2143 et
298 2071 338 2142 G.
363 2073 546 2144 comitibus
564 2073 816 2164 exhibendam
838 2073 992 2146 secundo
1013 2072 1264 2165 fidejussoriam
1285 2092 1390 2165 super
1409 2079 1502 2144 muta
1519 2091 1654 2146 summa

244 2198 391 2292 pecunie
408 2208 572 2292 quantam
588 2221 651 2270 nos
672 2209 792 2274 taxme
812 2201 995 2290 vellemus,
1011 2199 1078 2272 sub
1093 2198 1301 2291 obligatione
1316 2196 1484 2270 nobilium
1499 2197 1653 2270 virorum

243 2321 281 2394 Ρ.
311 2321 506 2396 celanensis
530 2333 565 2396 et
589 2325 629 2396 ll.
657 2324 813 2398 Tbeatini
842 2325 1024 2412 comitum,
1049 2325 1080 2395 si
1102 2335 1220 2396 oontm
1247 2343 1462 2417 presumerce
1488 2329 1654 2396 attentare

243 2446 480 2540 prestandam3
493 2448 591 2520 tertio
604 2447 779 2522 dationem
794 2447 956 2522 obsidum
968 2448 1131 2539 duorum,
1141 2447 1305 2520 videlicet
1318 2456 1481 2541 nepotum
1499 2456 1649 2538 tuorum,

243 2569 349 2642 unius
368 2569 413 2642 de
434 2571 549 2659 fratre,
565 2572 704 2644 ulterius
721 2571 767 2644 dc
781 2593 914 2663 sorore;
934 2582 1058 2666 quarto
1080 2573 1306 2645 tenimentum
1324 2571 1430 2642 unius
1452 2571 1652 2644 munitionis

242 2713 348 2786 quam
367 2695 532 2766 vellemus
550 2696 676 2789 eligere
691 2695 736 2768 de
753 2695 902 2787 duabus,
915 2697 963 2770 do
975 2697 1065 2770 lacto
1079 2696 1206 2770 nobilis
1221 2695 1288 2767 riri
1302 2695 1452 2768 Gualteri
1469 2695 1653 2768 Brenensis

243 2817 378 2888 comitia
396 2819 604 2914 spondentes
625 2833 658 2892 te
674 2821 847 2894 mandatis
872 2821 996 2892 nostrie
1017 2820 1225 2894 omnimodis
1242 2820 1445 2915 pariturum.
1461 2819 1550 2904 Quin
1568 2841 1651 2894 vero

243 2942 354 3034 magis
371 2952 594 3038 spontaneam
612 2944 832 3018 devotionem
854 2945 1061 3038 requirimus
1074 2967 1179 3040 quam
1199 2955 1351 3018 coactam
1366 2967 1435 3018 non
1454 2946 1651 3018 curavimus

242 3065 289 3137 ad
316 3087 457 3161 presens
481 3067 679 3160 hujusmodi
705 3069 858 3164 recipere
886 3068 1080 3160 cautiones,
1110 3071 1255 3164 probare
1280 3070 1434 3142 volentes
1459 3069 1487 3141 si
1520 3070 1652 3166 absque

243 3191 477 3284 compulsione
490 3193 620 3286 aliqua,
638 3194 733 3288 quod
750 3214 907 3266 sermone
922 3194 1103 3290 promittis,
1120 3214 1224 3288 opere
1241 3195 1296 3266 vel
1312 3203 1539 3290 prosequente
1554 3215 1647 3267 com·

242 3313 366 3408 pleros.
397 3316 578 3389 Monemus
607 3317 714 3412 igitur
740 3317 979 3392 discretionem
1005 3327 1119 3410 tuam,
1142 3319 1354 3391 consulimus
1372 3327 1406 3390 et
1427 3319 1651 3392 exhortamur

241 3447 413 3530 quatenus
428 3441 463 3510 in
480 3441 694 3533 obedientia,
715 3441 879 3516 fidelitate
894 3465 935 3514 ao
953 3443 1137 3518 devotione
1155 3443 1351 3539 Apostolioc
1366 3443 1465 3516 Sedis
1483 3457 1518 3518 et
1534 3455 1648 3520 nostra

242 3560 289 3634 dc
306 3573 417 3636 cetero
435 3587 632 3658 perseveres
650 3567 792 3641 firmitur
812 3579 847 3641 ct
865 3577 1059 3642 constanter
1080 3589 1145 3641 noc
1162 3569 1253 3642 circa
1270 3568 1436 3663 obsequia
1455 3579 1569 3644 nostru
1586 3593 1648 3644 va·

241 3686 349 3760 cillcs.
371 3688 422 3760 Ex
448 3691 602 3784 prolecto
626 3713 777 3788 namque
800 3693 986 3766 multorum
1011 3693 1180 3766 nobilium
1204 3702 1240 3766 et
1260 3713 1441 3788 procerum
1467 3698 1565 3789 regni
1587 3697 1648 3792 qui

241 3811 343 3885 nobis
365 3822 400 3886 et
420 3813 573 3888 Ecclesia
596 3817 772 3891 humiliter
796 3829 984 3914 paruerunt
1008 3829 1043 3894 et
1068 3839 1115 3892 ex
1134 3819 1270 3892 illorum
1292 3821 1426 3894 delectu
1451 3822 1513 3915 qui
1536 3824 1648 3898 conati

277 4116 314 4188 (t)
335 4117 511 4178 «Gmllclmus
522 4121 693 4196 capparonus
702 4141 877 4198 praecurrens
886 4127 1046 4184 Panormum
1055 4127 1182 4202 palatium
1195 4144 1226 4186 ac
1237 4145 1327 4202 regern
1339 4129 1365 4185 in
1378 4145 1425 4186 sua
1436 4135 1568 4204 potestate
1575 4149 1648 4190 rece-

238 4211 292 4286 pit,
309 4219 336 4270 et
350 4231 382 4271 ex
397 4221 462 4273 tunc
475 4233 505 4274 so
519 4219 589 4294 regis
600 4222 738 4279 custodem
752 4231 779 4279 et
790 4223 947 4296 magistrum
959 4226 1127 4300 capitaneum
1140 4225 1244 4283 Siciliae
1255 4227 1407 4302 appellavit.
1418 4227 1530 4297 Quidam
1543 4245 1606 4286 vero
1616 4230 1662 4286 de·

237 4311 412 4384 complicibus
423 4315 554 4373 celandae
568 4321 713 4376 memoriae
727 4321 883 4391 llarcualdi,
894 4323 945 4380 boc
960 4323 1068 4396 indigno
1081 4324 1208 4394 terentes,
1218 4341 1247 4382 sc
1259 4325 1287 4380 in
1301 4332 1406 4399 partem
1421 4327 1531 4384 alteram
1545 4333 1649 4385 statue-

236 4415 311 4464 ruut.
329 4409 508 4471 Gancobarius
527 4423 617 4473 autem
631 4427 792 4491 oportunum
806 4420 859 4476 eibi
873 4427 980 4494 tempos
996 4422 1141 4480 aestimans
1157 4422 1312 4493 aduenisse,
1328 4424 1422 4481 iterato
1434 4424 1563 4481 exbibens
1574 4431 1647 4497 jnra-

238 4505 334 4564 toriam
348 4510 498 4568 cautionem
511 4515 583 4586 quod
596 4517 730 4574 mandatis
739 4519 892 4592 apostolicis
903 4535 952 4592 pcr
965 4519 1054 4577 omniu
1066 4519 1195 4592 obediret,
1206 4521 1379 4579 absolutionis
1391 4521 1549 4579 beneficium
1561 4524 1646 4597 impe·

210 4626 221 4648 ·
238 4605 333 4676 bavit,
349 4623 541 4683 regreemsqoe
554 4613 581 4669 in
595 4613 711 4672 Siciliam
725 4621 754 4672 cl
771 4615 918 4691 adjungens
939 4635 970 4676 ae
982 4618 1058 4676 alteri
1077 4619 1147 4694 parti
1166 4620 1295 4680 adversus
1316 4619 1503 4696 Capparonum
1515 4622 1647 4696 agebat.»

238 4699 312 4758 Gerr.
326 4703 463 4764 tumeret.
481 4709 535 4782 111,
548 4726 609 4784 cap.
622 4712 750 4774 xxxvl.
