4334 5980
214 589 315 649 lanum.
334 581 396 665 izi}
666 574 863 638 HISTORIA
890 569 1184 636 olrnouertce.
1572 559 1630 622 lto

216 719 421 794 mnwutiam
437 712 806 788 excommunicationis
822 710 1028 785 incurrerint
1045 719 1081 782 et
1093 701 1401 782 excommunicatis
1414 699 1485 772 sint
1498 698 1629 792 absque

217 843 327 918 dubio
339 839 521 915 interdicte
535 836 657 911 divina
669 836 781 910 officia
799 843 834 909 et
848 833 1081 908 ecclesiastiea
1096 836 1321 914 sacramenta,
1334 823 1421 898 illud
1435 832 1488 898 est
1501 843 1630 917 usque·

216 987 358 1063 quaque
374 965 421 1039 ad
437 961 702 1036 satisfactionem
721 960 881 1034 idoneam
899 956 1174 1046 observandum,
1196 973 1261 1026 nec
1280 949 1463 1024 morientes
1483 945 1627 1020 suntad

217 1089 443 1187 penitentiam
461 1083 680 1176 admittendi,
698 1083 766 1157 nisi
781 1085 899 1176 jurent
912 1104 951 1157 ee
966 1079 1137 1154 mandatis
1150 1077 1302 1154 Ecclesia
1321 1073 1493 1170 parituros
1508 1081 1544 1145 et
1563 1069 1626 1144 ab·

213 1217 332 1308 jurent
349 1213 443 1287 dicto
461 1208 658 1306 imperatori
674 1208 818 1304 prestita
831 1208 1045 1299 jnmmenta3
1065 1225 1131 1278 nec
1147 1203 1251 1276 etiam
1269 1201 1299 1274 si
1312 1197 1519 1294 juraverint,
1538 1195 1628 1269 tradi

217 1337 347 1412 debent
369 1333 599 1410 ecclesiastice
623 1333 818 1428 sepulture,
840 1331 870 1404 si
896 1331 1030 1426 absque
1057 1325 1434 1401 excommunicatorum
1459 1330 1494 1394 et
1520 1321 1631 1394 inter·-

217 1462 389 1536 diotorum
414 1459 583 1554 obsequio
601 1466 779 1552 nequeunt
797 1455 973 1528 tumulari.
994 1453 1050 1528 Ad
1071 1454 1138 1526 hcc
1160 1461 1274 1526 eutem
1294 1458 1410 1521 utrum
1431 1447 1531 1542 pueri
1549 1467 1629 1518 cnm

217 1586 354 1682 patrimi
376 1581 727 1660 excommunicationi
742 1581 814 1684 sint
833 1588 869 1652 et
889 1577 1071 1650 interdicto
1091 1574 1261 1671 suppositi
1279 1572 1428 1646 debeant
1447 1568 1627 1666 baptisari,

218 1709 418 1784 fraternitati
439 1721 498 1781 tue
520 1707 632 1780 taliter
650 1704 819 1778 (luximus
843 1700 1125 1798 respondendnm
1142 1698 1239 1794 quod
1259 1719 1338 1769 cunr
1355 1695 1547 1792 baptismus
1564 1716 1628 1768 sa-

217 1842 429 1908 cramentum
452 1830 666 1905 necessitatis
685 1830 831 1912 exient,
851 1835 991 1924 propter
1009 1825 1233 1922 patrimorum
1255 1820 1420 1896 delictum
1444 1819 1532 1892 illud
1557 1841 1628 1892 non

218 1959 321 2034 debet
336 1957 462 2031 talibus
480 1955 658 2050 denegari.

265 2085 391 2156 Datum
408 2079 577 2172 Laterum,
595 2079 672 2153 XVI
690 2075 858 2152 kalendas
867 2077 959 2170 julii,
974 2096 1067 2149 anno
1079 2071 1351 2170 quartodecimo.

429 2378 1412 2394 mma-...ommon—

268 2665 509 2750 lnnocentius
526 2689 626 2774 pepe
643 2663 939 2748 controversiam
951 2663 1050 2744 inter
1062 2668 1290 2744 conventum
1302 2660 1350 2743 de
1363 2659 1473 2742 Flore
1489 2669 1528 2742 et
1543 2683 1628 2742 mo-
1737 2674 1787 2760 ¹¹...

215 2799 358 2882 nachos
378 2799 608 2882 curacenses
625 2797 674 2880 de
691 2795 848 2880 ecclesia
867 2793 1172 2879 Calabromariee
1190 2793 1372 2904 agitatam
1389 2793 1570 2898 revolvit,
1589 2801 1627 2876 et
1713 2783 1760 2813 ‘⁸⁸

216 2932 394 3042 expositis
416 2932 536 3042 partis
564 2930 764 3040 utriusque
790 2927 1002 3012 rationibus
1009 2989 1021 3032 ,
1042 2927 1243 3013 conventui
1270 2926 1458 3034 Florensi,
1478 2935 1627 3010 cassato

215 3065 412 3176 privilegio
427 3063 609 3149 Friderici
627 3061 749 3172 regis,
765 3061 962 3146 ecclesiam
975 3061 1181 3172 adjudicat.

292 3281 422 3360 (Edlder.
433 3281 572 3356 hunus,
587 3281 624 3342 B.
634 3278 765 3342 locatim
782 3277 909 3344 nichil.
922 3281 1028 3342 veritur
1039 3277 1170 3360 dascusa,
1184 3297 1215 3358 p.
1226 3287 1373 3340 tnta·
1380 3280 1511 3354 Breues,
1525 3279 1623 3360 Epist.

332 3389 432 3450 loucc.
448 3389 504 3462 111,
518 3394 540 3450 t.
557 3389 603 3462 ΙΙ,
616 3405 648 3465 p.
661 3397 731 3464 552,
746 3397 780 3449 n·
791 3396 845 3462 ⁹93
860 3388 940 3450 unde
954 3387 1026 3468 quid
1037 3389 1208 3465 praesertim
1221 3387 1260 3448 ati
1273 3393 1406 3448 nostrum
1419 3393 1625 3466 argumentum
1735 3454 1738 3462 ,

334 3497 481 3572 pertinen
493 3493 701 3572 exuahlmus.)

262 3684 494 3776 Innocentius,
511 3693 593 3775 eto,
609 3680 729 3758 abbati
743 3694 778 3756 et
792 3683 979 3757 conventui
996 3684 1041 3758 de
1058 3682 1168 3776 Flore,
1185 3691 1252 3757 otc.
1271 3685 1363 3756 luter
1378 3703 1443 3756 voa
1456 3691 1491 3755 et
1505 3703 1626 3757 mona·

217 3849 361 3862 *-

213 3953 308 4011 mano,
321 3945 350 3998 et
360 3939 389 3996 in
399 3940 458 4014 uns
470 3940 601 4014 obsequio
613 3955 701 4014 usque
717 3940 745 3998 in
758 3955 859 3998 anuum
871 3942 940 3997 teto
953 3940 1145 4014 perseveravit.
1156 3939 1280 4013 Lepinus
1292 3938 1365 3998 enim
1379 3938 1407 3996 in
1419 3939 1535 4012 quodam
1546 3938 1628 4012 huius

213 4037 342 4110 temporis
355 4037 532 4096 instrunmento
546 4055 580 4094 :a
596 4039 626 4096 ln
643 4038 752 4096 nomine
771 4037 890 4110 Domini,
902 4045 967 4108 otc,
980 4037 1128 4112 imperante
1144 4036 1253 4094 domino
1264 4041 1355 4094 noetro
1368 4036 1453 4094 Otoue
1466 4041 1562 4110 quarto
1575 4037 1625 4093 Ro·

213 4152 228 4186 ι
242 4149 383 4192 munorum
396 4151 493 4210 magno
507 4135 669 4210 imperatore
683 4152 753 4194 anno
767 4141 843 4194 sexto
859 4141 887 4192 et
900 4135 958 4208 ejus
969 4134 1156 4192 dominationis
1167 4134 1282 4191 civitatis
1297 4133 1423 4208 Neapolis
1436 4149 1505 4190 anno
1518 4137 1625 4207 quarto,

213 4249 228 4282 ι
241 4229 285 4287 die
294 4231 423 4290 vicesimo
436 4233 554 4291 mundo
566 4233 686 4307 augusti,
701 4232 846 4290 indictione
860 4231 909 4303 lll,
922 4233 1043 4306 Neapoli.
1056 4229 1159 4288 »iliud
1172 4237 1262 4288 eutem
1270 4232 1476 4289 instrumentum
1485 4231 1625 4287 anniliti

210 4329 252 4388 sic
270 4327 436 4386 intituletur:
447 4349 461 4384 e
471 4331 502 4387 ln
516 4331 624 4389 nomine
642 4331 763 4402 Domini,
776 4336 842 4402 etc,
856 4335 986 4404 regrrante
1003 4328 1111 4386 domino
1128 4335 1221 4386 nostro
1236 4329 1362 4386 Foderico
1375 4327 1463 4387 Sicilie
1483 4327 1626 4400 magnifico

211 4445 227 4478 ι
241 4441 305 4498 rege
320 4441 391 4483 anno
400 4426 540 4499 uicesimo,
550 4428 739 4486 dominationis
748 4428 881 4500 reroejus
892 4427 1008 4484 civitatis
1020 4425 1146 4500 Neapolis
1157 4442 1227 4484 anno
1238 4427 1366 4496 emendo,
1376 4427 1623 4500 dianoneaugusti,

212 4542 226 4576 ι
241 4522 387 4580 indictione
404 4523 512 4596 quinta,
533 4525 655 4599 Neapoli.
668 4524 732 4584 »Ex
747 4541 801 4598 quo
818 4531 938 4598 tempore
955 4523 1069 4582 canales
1086 4523 1114 4580 in
1133 4539 1203 4582 auno
1217 4523 1291 4596 regui
1311 4521 1415 4580 Siciliae
1429 4523 1505 4597 juxte
1520 4538 1623 4581 morem

209 4619 406 4694 computando,
421 4621 603 4696 duodeviginti
621 4624 699 4682 annis
711 4628 866 4683 constanter
878 4623 1059 4681 retrocedunt.
1074 4621 1113 4680 ct.
1127 4620 1271 4692 Cumnrro,
1286 4621 1438 4678 Commurto
1451 4620 1521 4680 aella
1532 4625 1621 4681 ooatit.

209 4717 243 4775 cli
257 4717 351 4776 Frdcr.
364 4719 406 4792 11,
416 4725 492 4794 perte
504 4721 544 4792 11,
556 4739 585 4796 p.
599 4725 645 4780 59.
