<?xml version="1.0" encoding="UTF-8"?>
<!DOCTYPE html PUBLIC "-//W3C//DTD XHTML 1.0 Transitional//EN"
    "http://www.w3.org/TR/xhtml1/DTD/xhtml1-transitional.dtd">
<html xmlns="http://www.w3.org/1999/xhtml" xml:lang="en" lang="en">
 <head>
  <title>
</title>
<meta http-equiv="Content-Type" content="text/html;charset=utf-8" />
  <meta name='ocr-system' content='tesseract 3.04.00' />
  <meta name='ocr-capabilities' content='ocr_page ocr_carea ocr_par ocr_line ocrx_word'/>
</head>
<body>
  <div class='ocr_page' id='page_1' title='image "./historiadiploma06fredgoog_0083.png"; bbox 0 0 4434 5942; ppageno 0'>
   <div class='ocr_carea' id='block_1_1' title="bbox 531 494 1942 582">
    <p class='ocr_par' dir='ltr' id='par_1_1' title="bbox 531 494 1942 582">
     <span class='ocr_line' id='line_1_1' title="bbox 531 494 1942 582; baseline 0.007 -24"><span class='ocrx_word' id='word_1_1' title='bbox 531 494 574 558; x_wconf 77' lang='lat' dir='ltr'>eu</span> <span class='ocrx_word' id='word_1_2' title='bbox 1029 496 1244 559; x_wconf 85' lang='lat' dir='ltr'>rurnunrcr</span> <span class='ocrx_word' id='word_1_3' title='bbox 1269 497 1443 560; x_wconf 85' lang='lat' dir='ltr'>sucuuur</span> <span class='ocrx_word' id='word_1_4' title='bbox 1755 502 1836 582; x_wconf 71' lang='lat' dir='ltr'>[ena.</span> <span class='ocrx_word' id='word_1_5' title='bbox 1856 503 1942 568; x_wconf 82' lang='lat' dir='ltr'>rsoo.</span> 
     </span>
    </p>
   </div>
   <div class='ocr_carea' id='block_1_2' title="bbox 530 628 1949 2599">
    <p class='ocr_par' dir='ltr' id='par_1_2' title="bbox 530 628 1949 2599">
     <span class='ocr_line' id='line_1_2' title="bbox 533 628 1945 732; baseline 0.007 -30"><span class='ocrx_word' id='word_1_6' title='bbox 533 630 658 703; x_wconf 91' lang='lat' dir='ltr'>nostris</span> <span class='ocrx_word' id='word_1_7' title='bbox 666 628 764 703; x_wconf 91' lang='lat' dir='ltr'>dedit</span> <span class='ocrx_word' id='word_1_8' title='bbox 778 630 928 704; x_wconf 85' lang='lat' dir='ltr'>servitiis</span> <span class='ocrx_word' id='word_1_9' title='bbox 939 633 1168 726; x_wconf 80' lang='lat' dir='ltr'>exequendis,</span> <span class='ocrx_word' id='word_1_10' title='bbox 1183 655 1248 707; x_wconf 89' lang='lat' dir='ltr'>nec</span> <span class='ocrx_word' id='word_1_11' title='bbox 1263 655 1332 708; x_wconf 92' lang='lat' dir='ltr'>non</span> <span class='ocrx_word' id='word_1_12' title='bbox 1344 657 1409 730; x_wconf 91' lang='lat' dir='ltr'>pro</span> <span class='ocrx_word' id='word_1_13' title='bbox 1425 635 1560 730; x_wconf 78' lang='lat' dir='ltr'>magnis</span> <span class='ocrx_word' id='word_1_14' title='bbox 1573 633 1767 732; x_wconf 81' lang='lat' dir='ltr'>dispendiis</span> <span class='ocrx_word' id='word_1_15' title='bbox 1778 648 1814 711; x_wconf 92' lang='lat' dir='ltr'>et</span> <span class='ocrx_word' id='word_1_16' title='bbox 1828 637 1945 712; x_wconf 93' lang='lat' dir='ltr'>multis</span> 
     </span>
     <span class='ocr_line' id='line_1_3' title="bbox 530 755 1945 853; baseline 0.006 -25"><span class='ocrx_word' id='word_1_17' title='bbox 530 755 674 848; x_wconf 89' lang='lat' dir='ltr'>jacturis</span> <span class='ocrx_word' id='word_1_18' title='bbox 702 777 791 849; x_wconf 89' lang='lat' dir='ltr'>quas</span> <span class='ocrx_word' id='word_1_19' title='bbox 817 755 893 852; x_wconf 88' lang='lat' dir='ltr'>ipsa</span> <span class='ocrx_word' id='word_1_20' title='bbox 913 757 1058 830; x_wconf 88' lang='lat' dir='ltr'>ecclesia</span> <span class='ocrx_word' id='word_1_21' title='bbox 1085 779 1148 853; x_wconf 95' lang='lat' dir='ltr'>pro</span> <span class='ocrx_word' id='word_1_22' title='bbox 1173 767 1288 831; x_wconf 88' lang='lat' dir='ltr'>nostru</span> <span class='ocrx_word' id='word_1_23' title='bbox 1313 757 1477 832; x_wconf 87' lang='lat' dir='ltr'>fidelitate</span> <span class='ocrx_word' id='word_1_24' title='bbox 1503 760 1641 833; x_wconf 91' lang='lat' dir='ltr'>sustulit</span> <span class='ocrx_word' id='word_1_25' title='bbox 1664 769 1700 834; x_wconf 90' lang='lat' dir='ltr'>et</span> <span class='ocrx_word' id='word_1_26' title='bbox 1723 762 1871 852; x_wconf 84' lang='lat' dir='ltr'>bonore,</span> <span class='ocrx_word' id='word_1_27' title='bbox 1900 765 1945 836; x_wconf 93' lang='lat' dir='ltr'>de</span> 
     </span>
     <span class='ocr_line' id='line_1_4' title="bbox 533 880 1945 984; baseline 0.007 -34"><span class='ocrx_word' id='word_1_28' title='bbox 533 880 652 952; x_wconf 83' lang='lat' dir='ltr'>innata</span> <span class='ocrx_word' id='word_1_29' title='bbox 670 880 893 973; x_wconf 79' lang='lat' dir='ltr'>benignitatis</span> <span class='ocrx_word' id='word_1_30' title='bbox 914 892 1029 956; x_wconf 85' lang='lat' dir='ltr'>nostre</span> <span class='ocrx_word' id='word_1_31' title='bbox 1047 881 1227 956; x_wconf 88' lang='lat' dir='ltr'>clementia</span> <span class='ocrx_word' id='word_1_32' title='bbox 1245 882 1359 956; x_wconf 91' lang='lat' dir='ltr'>eidem</span> <span class='ocrx_word' id='word_1_33' title='bbox 1375 883 1532 958; x_wconf 86' lang='lat' dir='ltr'>Pactensi</span> <span class='ocrx_word' id='word_1_34' title='bbox 1556 885 1700 959; x_wconf 81' lang='lat' dir='ltr'>ecclesie</span> <span class='ocrx_word' id='word_1_35' title='bbox 1723 895 1758 958; x_wconf 91' lang='lat' dir='ltr'>et</span> <span class='ocrx_word' id='word_1_36' title='bbox 1778 885 1845 982; x_wconf 88' lang='lat' dir='ltr'>ipsi</span> <span class='ocrx_word' id='word_1_37' title='bbox 1865 889 1945 984; x_wconf 91' lang='lat' dir='ltr'>epi-</span> 
     </span>
     <span class='ocr_line' id='line_1_5' title="bbox 533 1005 1944 1103; baseline 0.005 -26"><span class='ocrx_word' id='word_1_38' title='bbox 533 1025 639 1100; x_wconf 89' lang='lat' dir='ltr'>scopo</span> <span class='ocrx_word' id='word_1_39' title='bbox 656 1025 697 1076; x_wconf 85' lang='lat' dir='ltr'>ec</span> <span class='ocrx_word' id='word_1_40' title='bbox 714 1005 971 1078; x_wconf 78' lang='lat' dir='ltr'>successoribus</span> <span class='ocrx_word' id='word_1_41' title='bbox 984 1010 1059 1101; x_wconf 93' lang='lat' dir='ltr'>ejus</span> <span class='ocrx_word' id='word_1_42' title='bbox 1072 1015 1239 1103; x_wconf 88' lang='lat' dir='ltr'>perpetuo</span> <span class='ocrx_word' id='word_1_43' title='bbox 1253 1007 1477 1080; x_wconf 78' lang='lat' dir='ltr'>concedimus</span> <span class='ocrx_word' id='word_1_44' title='bbox 1490 1016 1525 1081; x_wconf 91' lang='lat' dir='ltr'>et</span> <span class='ocrx_word' id='word_1_45' title='bbox 1537 1008 1709 1083; x_wconf 88' lang='lat' dir='ltr'>donamus</span> <span class='ocrx_word' id='word_1_46' title='bbox 1725 1011 1944 1086; x_wconf 82' lang='lat' dir='ltr'>medietatem</span> 
     </span>
     <span class='ocr_line' id='line_1_6' title="bbox 534 1129 1945 1230; baseline 0.006 -30"><span class='ocrx_word' id='word_1_47' title='bbox 534 1129 638 1202; x_wconf 86' lang='lat' dir='ltr'>eliam</span> <span class='ocrx_word' id='word_1_48' title='bbox 650 1137 737 1201; x_wconf 89' lang='lat' dir='ltr'>terre</span> <span class='ocrx_word' id='word_1_49' title='bbox 750 1129 844 1221; x_wconf 87' lang='lat' dir='ltr'>Nasi,</span> <span class='ocrx_word' id='word_1_50' title='bbox 861 1153 966 1225; x_wconf 85' lang='lat' dir='ltr'>quam</span> <span class='ocrx_word' id='word_1_51' title='bbox 984 1131 1149 1205; x_wconf 91' lang='lat' dir='ltr'>videlieet</span> <span class='ocrx_word' id='word_1_52' title='bbox 1160 1131 1278 1204; x_wconf 86' lang='lat' dir='ltr'>Abbes</span> <span class='ocrx_word' id='word_1_53' title='bbox 1293 1131 1338 1205; x_wconf 92' lang='lat' dir='ltr'>de</span> <span class='ocrx_word' id='word_1_54' title='bbox 1347 1130 1495 1205; x_wconf 84' lang='lat' dir='ltr'>Guerrue</span> <span class='ocrx_word' id='word_1_55' title='bbox 1510 1131 1563 1230; x_wconf 85' lang='lat' dir='ltr'>(o)</span> <span class='ocrx_word' id='word_1_56' title='bbox 1577 1134 1689 1206; x_wconf 91' lang='lat' dir='ltr'>tenuit</span> <span class='ocrx_word' id='word_1_57' title='bbox 1699 1143 1734 1206; x_wconf 88' lang='lat' dir='ltr'>et</span> <span class='ocrx_word' id='word_1_58' title='bbox 1752 1156 1798 1206; x_wconf 85' lang='lat' dir='ltr'>ex</span> <span class='ocrx_word' id='word_1_59' title='bbox 1810 1134 1945 1228; x_wconf 90' lang='lat' dir='ltr'>judicio</span> 
     </span>
     <span class='ocr_line' id='line_1_7' title="bbox 532 1252 1944 1352; baseline 0.005 -26"><span class='ocrx_word' id='word_1_60' title='bbox 532 1252 663 1326; x_wconf 93' lang='lat' dir='ltr'>domini</span> <span class='ocrx_word' id='word_1_61' title='bbox 692 1254 906 1349; x_wconf 89' lang='lat' dir='ltr'>imperatoris</span> <span class='ocrx_word' id='word_1_62' title='bbox 933 1255 1016 1330; x_wconf 90' lang='lat' dir='ltr'>dive</span> <span class='ocrx_word' id='word_1_63' title='bbox 1047 1255 1213 1329; x_wconf 84' lang='lat' dir='ltr'>memorie</span> <span class='ocrx_word' id='word_1_64' title='bbox 1243 1255 1349 1351; x_wconf 88' lang='lat' dir='ltr'>patris</span> <span class='ocrx_word' id='word_1_65' title='bbox 1380 1257 1488 1329; x_wconf 80' lang='lat' dir='ltr'>nostri</span> <span class='ocrx_word' id='word_1_66' title='bbox 1519 1257 1765 1331; x_wconf 85' lang='lat' dir='ltr'>rationabiliter</span> <span class='ocrx_word' id='word_1_67' title='bbox 1792 1269 1828 1332; x_wconf 92' lang='lat' dir='ltr'>et</span> <span class='ocrx_word' id='word_1_68' title='bbox 1849 1261 1944 1352; x_wconf 87' lang='lat' dir='ltr'>juste</span> 
     </span>
     <span class='ocr_line' id='line_1_8' title="bbox 534 1378 1944 1478; baseline 0.006 -28"><span class='ocrx_word' id='word_1_69' title='bbox 534 1378 649 1450; x_wconf 91' lang='lat' dir='ltr'>amisit</span> <span class='ocrx_word' id='word_1_70' title='bbox 667 1401 729 1475; x_wconf 94' lang='lat' dir='ltr'>pro</span> <span class='ocrx_word' id='word_1_71' title='bbox 746 1401 788 1452; x_wconf 90' lang='lat' dir='ltr'>eo</span> <span class='ocrx_word' id='word_1_72' title='bbox 804 1379 900 1474; x_wconf 89' lang='lat' dir='ltr'>quod</span> <span class='ocrx_word' id='word_1_73' title='bbox 917 1381 1075 1477; x_wconf 73' lang='lat' dir='ltr'>proditor</span> <span class='ocrx_word' id='word_1_74' title='bbox 1093 1382 1170 1474; x_wconf 88' lang='lat' dir='ltr'>ejus</span> <span class='ocrx_word' id='word_1_75' title='bbox 1190 1380 1272 1466; x_wconf 87' lang='lat' dir='ltr'>luit;</span> <span class='ocrx_word' id='word_1_76' title='bbox 1293 1379 1515 1476; x_wconf 89' lang='lat' dir='ltr'>postmodum</span> <span class='ocrx_word' id='word_1_77' title='bbox 1537 1390 1652 1455; x_wconf 88' lang='lat' dir='ltr'>autem</span> <span class='ocrx_word' id='word_1_78' title='bbox 1674 1383 1785 1478; x_wconf 87' lang='lat' dir='ltr'>ipsam</span> <span class='ocrx_word' id='word_1_79' title='bbox 1806 1383 1944 1458; x_wconf 91' lang='lat' dir='ltr'>Simeon</span> 
     </span>
     <span class='ocr_line' id='line_1_9' title="bbox 533 1502 1947 1602; baseline 0.006 -29"><span class='ocrx_word' id='word_1_80' title='bbox 533 1502 725 1576; x_wconf 88' lang='lat' dir='ltr'>Pisanellus</span> <span class='ocrx_word' id='word_1_81' title='bbox 742 1504 788 1602; x_wconf 88' lang='lat' dir='ltr'>(b)</span> <span class='ocrx_word' id='word_1_82' title='bbox 805 1505 950 1578; x_wconf 89' lang='lat' dir='ltr'>Pisanus</span> <span class='ocrx_word' id='word_1_83' title='bbox 967 1505 1079 1577; x_wconf 90' lang='lat' dir='ltr'>tenuit</span> <span class='ocrx_word' id='word_1_84' title='bbox 1094 1515 1129 1578; x_wconf 92' lang='lat' dir='ltr'>et</span> <span class='ocrx_word' id='word_1_85' title='bbox 1146 1504 1309 1601; x_wconf 84' lang='lat' dir='ltr'>possedit,</span> <span class='ocrx_word' id='word_1_86' title='bbox 1332 1515 1368 1578; x_wconf 92' lang='lat' dir='ltr'>et</span> <span class='ocrx_word' id='word_1_87' title='bbox 1383 1505 1467 1600; x_wconf 87' lang='lat' dir='ltr'>quia</span> <span class='ocrx_word' id='word_1_88' title='bbox 1485 1505 1640 1579; x_wconf 86' lang='lat' dir='ltr'>similiter</span> <span class='ocrx_word' id='word_1_89' title='bbox 1656 1505 1810 1602; x_wconf 89' lang='lat' dir='ltr'>proditor</span> <span class='ocrx_word' id='word_1_90' title='bbox 1832 1519 1947 1582; x_wconf 85' lang='lat' dir='ltr'>noster</span> 
     </span>
     <span class='ocr_line' id='line_1_10' title="bbox 533 1626 1946 1726; baseline 0.006 -29"><span class='ocrx_word' id='word_1_91' title='bbox 533 1626 696 1698; x_wconf 85' lang='lat' dir='ltr'>inventus</span> <span class='ocrx_word' id='word_1_92' title='bbox 710 1635 774 1718; x_wconf 90' lang='lat' dir='ltr'>est,</span> <span class='ocrx_word' id='word_1_93' title='bbox 793 1629 858 1699; x_wconf 87' lang='lat' dir='ltr'>luit</span> <span class='ocrx_word' id='word_1_94' title='bbox 875 1649 917 1700; x_wconf 92' lang='lat' dir='ltr'>ea</span> <span class='ocrx_word' id='word_1_95' title='bbox 933 1632 1027 1722; x_wconf 91' lang='lat' dir='ltr'>josto</span> <span class='ocrx_word' id='word_1_96' title='bbox 1039 1627 1175 1722; x_wconf 89' lang='lat' dir='ltr'>judicio</span> <span class='ocrx_word' id='word_1_97' title='bbox 1192 1629 1393 1722; x_wconf 86' lang='lat' dir='ltr'>destitutos;</span> <span class='ocrx_word' id='word_1_98' title='bbox 1411 1630 1523 1726; x_wconf 81' lang='lat' dir='ltr'>ipsam</span> <span class='ocrx_word' id='word_1_99' title='bbox 1537 1630 1710 1724; x_wconf 86' lang='lat' dir='ltr'>siquidem</span> <span class='ocrx_word' id='word_1_100' title='bbox 1728 1631 1946 1706; x_wconf 83' lang='lat' dir='ltr'>medietatem</span> 
     </span>
     <span class='ocr_line' id='line_1_11' title="bbox 534 1751 1946 1851; baseline 0.006 -29"><span class='ocrx_word' id='word_1_101' title='bbox 534 1751 615 1822; x_wconf 86' lang='lat' dir='ltr'>Nasi</span> <span class='ocrx_word' id='word_1_102' title='bbox 634 1753 867 1826; x_wconf 84' lang='lat' dir='ltr'>concessimus</span> <span class='ocrx_word' id='word_1_103' title='bbox 887 1764 922 1827; x_wconf 92' lang='lat' dir='ltr'>et</span> <span class='ocrx_word' id='word_1_104' title='bbox 942 1754 1150 1828; x_wconf 84' lang='lat' dir='ltr'>donavimus</span> <span class='ocrx_word' id='word_1_105' title='bbox 1174 1756 1307 1850; x_wconf 77' lang='lat' dir='ltr'>integre</span> <span class='ocrx_word' id='word_1_106' title='bbox 1324 1765 1360 1828; x_wconf 91' lang='lat' dir='ltr'>et</span> <span class='ocrx_word' id='word_1_107' title='bbox 1376 1756 1452 1828; x_wconf 92' lang='lat' dir='ltr'>sine</span> <span class='ocrx_word' id='word_1_108' title='bbox 1475 1753 1593 1851; x_wconf 88' lang='lat' dir='ltr'>alique</span> <span class='ocrx_word' id='word_1_109' title='bbox 1613 1755 1842 1830; x_wconf 89' lang='lat' dir='ltr'>diminutione</span> <span class='ocrx_word' id='word_1_110' title='bbox 1866 1779 1946 1830; x_wconf 92' lang='lat' dir='ltr'>cum</span> 
     </span>
     <span class='ocr_line' id='line_1_12' title="bbox 534 1875 1946 1976; baseline 0.004 -29"><span class='ocrx_word' id='word_1_111' title='bbox 534 1875 697 1948; x_wconf 92' lang='lat' dir='ltr'>omnibus</span> <span class='ocrx_word' id='word_1_112' title='bbox 719 1878 823 1969; x_wconf 90' lang='lat' dir='ltr'>justis</span> <span class='ocrx_word' id='word_1_113' title='bbox 847 1878 1041 1952; x_wconf 90' lang='lat' dir='ltr'>tenimentis</span> <span class='ocrx_word' id='word_1_114' title='bbox 1065 1887 1100 1953; x_wconf 92' lang='lat' dir='ltr'>et</span> <span class='ocrx_word' id='word_1_115' title='bbox 1116 1879 1332 1976; x_wconf 90' lang='lat' dir='ltr'>pertiuentiis</span> <span class='ocrx_word' id='word_1_116' title='bbox 1349 1880 1422 1953; x_wconf 91' lang='lat' dir='ltr'>suis</span> <span class='ocrx_word' id='word_1_117' title='bbox 1444 1889 1513 1952; x_wconf 89' lang='lat' dir='ltr'>tam</span> <span class='ocrx_word' id='word_1_118' title='bbox 1538 1879 1574 1952; x_wconf 94' lang='lat' dir='ltr'>in</span> <span class='ocrx_word' id='word_1_119' title='bbox 1599 1880 1760 1954; x_wconf 87' lang='lat' dir='ltr'>demanio</span> <span class='ocrx_word' id='word_1_120' title='bbox 1780 1903 1885 1976; x_wconf 87' lang='lat' dir='ltr'>quam</span> <span class='ocrx_word' id='word_1_121' title='bbox 1910 1881 1946 1953; x_wconf 92' lang='lat' dir='ltr'>in</span> 
     </span>
     <span class='ocr_line' id='line_1_13' title="bbox 536 2001 1945 2100; baseline -0.001 -21"><span class='ocrx_word' id='word_1_122' title='bbox 536 2007 697 2093; x_wconf 87' lang='lat' dir='ltr'>servitio,</span> <span class='ocrx_word' id='word_1_123' title='bbox 712 2003 808 2100; x_wconf 91' lang='lat' dir='ltr'>quod</span> <span class='ocrx_word' id='word_1_124' title='bbox 824 2003 860 2074; x_wconf 93' lang='lat' dir='ltr'>iu</span> <span class='ocrx_word' id='word_1_125' title='bbox 878 2001 1038 2077; x_wconf 88' lang='lat' dir='ltr'>demanio</span> <span class='ocrx_word' id='word_1_126' title='bbox 1056 2003 1092 2075; x_wconf 92' lang='lat' dir='ltr'>iu</span> <span class='ocrx_word' id='word_1_127' title='bbox 1112 2003 1311 2078; x_wconf 82' lang='lat' dir='ltr'>demanium</span> <span class='ocrx_word' id='word_1_128' title='bbox 1329 2013 1364 2078; x_wconf 92' lang='lat' dir='ltr'>et</span> <span class='ocrx_word' id='word_1_129' title='bbox 1381 2002 1477 2099; x_wconf 90' lang='lat' dir='ltr'>quod</span> <span class='ocrx_word' id='word_1_130' title='bbox 1491 2003 1528 2075; x_wconf 94' lang='lat' dir='ltr'>iu</span> <span class='ocrx_word' id='word_1_131' title='bbox 1543 2004 1684 2077; x_wconf 88' lang='lat' dir='ltr'>servitio</span> <span class='ocrx_word' id='word_1_132' title='bbox 1697 2004 1734 2075; x_wconf 94' lang='lat' dir='ltr'>in</span> <span class='ocrx_word' id='word_1_133' title='bbox 1751 2005 1945 2096; x_wconf 85' lang='lat' dir='ltr'>servitium,</span> 
     </span>
     <span class='ocr_line' id='line_1_14' title="bbox 537 2127 1948 2224; baseline -0.003 -18"><span class='ocrx_word' id='word_1_134' title='bbox 537 2133 635 2206; x_wconf 86' lang='lat' dir='ltr'>selvo</span> <span class='ocrx_word' id='word_1_135' title='bbox 651 2129 791 2205; x_wconf 88' lang='lat' dir='ltr'>servitio</span> <span class='ocrx_word' id='word_1_136' title='bbox 808 2128 905 2224; x_wconf 91' lang='lat' dir='ltr'>quod</span> <span class='ocrx_word' id='word_1_137' title='bbox 922 2127 1017 2201; x_wconf 91' lang='lat' dir='ltr'>curie</span> <span class='ocrx_word' id='word_1_138' title='bbox 1039 2138 1153 2202; x_wconf 90' lang='lat' dir='ltr'>nostre</span> <span class='ocrx_word' id='word_1_139' title='bbox 1175 2128 1258 2203; x_wconf 92' lang='lat' dir='ltr'>iude</span> <span class='ocrx_word' id='word_1_140' title='bbox 1279 2128 1437 2203; x_wconf 92' lang='lat' dir='ltr'>debetur.</span> <span class='ocrx_word' id='word_1_141' title='bbox 1457 2127 1512 2202; x_wconf 82' lang='lat' dir='ltr'>nd</span> <span class='ocrx_word' id='word_1_142' title='bbox 1538 2129 1642 2222; x_wconf 90' lang='lat' dir='ltr'>bujus</span> <span class='ocrx_word' id='word_1_143' title='bbox 1665 2137 1781 2202; x_wconf 88' lang='lat' dir='ltr'>autem</span> <span class='ocrx_word' id='word_1_144' title='bbox 1801 2150 1948 2202; x_wconf 74' lang='lat' dir='ltr'>mnem-</span> 
     </span>
     <span class='ocr_line' id='line_1_15' title="bbox 536 2251 1949 2349; baseline -0.002 -21"><span class='ocrx_word' id='word_1_145' title='bbox 536 2256 643 2329; x_wconf 90' lang='lat' dir='ltr'>sionis</span> <span class='ocrx_word' id='word_1_146' title='bbox 652 2263 687 2328; x_wconf 91' lang='lat' dir='ltr'>et</span> <span class='ocrx_word' id='word_1_147' title='bbox 700 2252 894 2327; x_wconf 86' lang='lat' dir='ltr'>donationis</span> <span class='ocrx_word' id='word_1_148' title='bbox 911 2261 1026 2326; x_wconf 90' lang='lat' dir='ltr'>nostre</span> <span class='ocrx_word' id='word_1_149' title='bbox 1039 2253 1240 2327; x_wconf 90' lang='lat' dir='ltr'>memoriam</span> <span class='ocrx_word' id='word_1_150' title='bbox 1259 2263 1293 2326; x_wconf 94' lang='lat' dir='ltr'>et</span> <span class='ocrx_word' id='word_1_151' title='bbox 1307 2253 1507 2328; x_wconf 86' lang='lat' dir='ltr'>inviolabile</span> <span class='ocrx_word' id='word_1_152' title='bbox 1521 2251 1788 2342; x_wconf 87' lang='lat' dir='ltr'>firmamentum,</span> <span class='ocrx_word' id='word_1_153' title='bbox 1807 2275 1949 2349; x_wconf 89' lang='lat' dir='ltr'>presens</span> 
     </span>
     <span class='ocr_line' id='line_1_16' title="bbox 537 2377 1945 2477; baseline 0 -25"><span class='ocrx_word' id='word_1_154' title='bbox 537 2379 757 2477; x_wconf 80' lang='lat' dir='ltr'>privilegium</span> <span class='ocrx_word' id='word_1_155' title='bbox 778 2377 881 2450; x_wconf 85' lang='lat' dir='ltr'>scribi</span> <span class='ocrx_word' id='word_1_156' title='bbox 902 2385 937 2450; x_wconf 91' lang='lat' dir='ltr'>et</span> <span class='ocrx_word' id='word_1_157' title='bbox 954 2378 1141 2469; x_wconf 87' lang='lat' dir='ltr'>mejestatis</span> <span class='ocrx_word' id='word_1_158' title='bbox 1161 2387 1278 2452; x_wconf 91' lang='lat' dir='ltr'>nostre</span> <span class='ocrx_word' id='word_1_159' title='bbox 1294 2379 1408 2474; x_wconf 78' lang='lat' dir='ltr'>sigillo</span> <span class='ocrx_word' id='word_1_160' title='bbox 1419 2377 1587 2472; x_wconf 87' lang='lat' dir='ltr'>jussimus</span> <span class='ocrx_word' id='word_1_161' title='bbox 1605 2378 1823 2471; x_wconf 88' lang='lat' dir='ltr'>communiri,</span> <span class='ocrx_word' id='word_1_162' title='bbox 1841 2401 1945 2469; x_wconf 87' lang='lat' dir='ltr'>auno,</span> 
     </span>
     <span class='ocr_line' id='line_1_17' title="bbox 539 2501 1142 2599; baseline -0.002 -22"><span class='ocrx_word' id='word_1_163' title='bbox 539 2525 660 2578; x_wconf 88' lang='lat' dir='ltr'>mense</span> <span class='ocrx_word' id='word_1_164' title='bbox 675 2511 711 2576; x_wconf 93' lang='lat' dir='ltr'>et</span> <span class='ocrx_word' id='word_1_165' title='bbox 724 2501 912 2575; x_wconf 87' lang='lat' dir='ltr'>indictione</span> <span class='ocrx_word' id='word_1_166' title='bbox 927 2502 1142 2599; x_wconf 87' lang='lat' dir='ltr'>subscriptis.</span> 
     </span>
    </p>
   </div>
   <div class='ocr_carea' id='block_1_3' title="bbox 453 2625 1950 2725">
    <p class='ocr_par' dir='ltr' id='par_1_3' title="bbox 453 2625 1950 2725">
     <span class='ocr_line' id='line_1_18' title="bbox 453 2625 1950 2725; baseline 0.001 -29"><span class='ocrx_word' id='word_1_167' title='bbox 453 2687 458 2696; x_wconf 90' lang='grc'><em>,</em></span> <span class='ocrx_word' id='word_1_168' title='bbox 587 2631 714 2702; x_wconf 85' lang='lat' dir='ltr'>Datum</span> <span class='ocrx_word' id='word_1_169' title='bbox 733 2627 769 2699; x_wconf 94' lang='lat' dir='ltr'>iu</span> <span class='ocrx_word' id='word_1_170' title='bbox 789 2628 876 2700; x_wconf 90' lang='lat' dir='ltr'>urbe</span> <span class='ocrx_word' id='word_1_171' title='bbox 894 2627 984 2700; x_wconf 87' lang='lat' dir='ltr'>lelici</span> <span class='ocrx_word' id='word_1_172' title='bbox 1010 2628 1169 2702; x_wconf 82' lang='lat' dir='ltr'>Panormi</span> <span class='ocrx_word' id='word_1_173' title='bbox 1189 2651 1251 2725; x_wconf 90' lang='lat' dir='ltr'>per</span> <span class='ocrx_word' id='word_1_174' title='bbox 1271 2649 1396 2702; x_wconf 86' lang='lat' dir='ltr'>manus</span> <span class='ocrx_word' id='word_1_175' title='bbox 1414 2625 1580 2702; x_wconf 87' lang='lat' dir='ltr'>Gualterii</span> <span class='ocrx_word' id='word_1_176' title='bbox 1603 2628 1702 2722; x_wconf 77' lang='lat' dir='ltr'>regui</span> <span class='ocrx_word' id='word_1_177' title='bbox 1726 2627 1842 2701; x_wconf 90' lang='lat' dir='ltr'>Sicilie</span> <span class='ocrx_word' id='word_1_178' title='bbox 1863 2647 1950 2700; x_wconf 79' lang='lat' dir='ltr'>ouu-</span> 
     </span>
    </p>
   </div>
   <div class='ocr_carea' id='block_1_4' title="bbox 348 3573 508 3728">
    <p class='ocr_par' dir='ltr' id='par_1_4' title="bbox 348 3573 508 3728">
     <span class='ocr_line' id='line_1_19' title="bbox 348 3573 508 3620; baseline -0.025 0"><span class='ocrx_word' id='word_1_179' title='bbox 348 3575 376 3620; x_wconf 87' lang='lat' dir='ltr'>ln</span> <span class='ocrx_word' id='word_1_180' title='bbox 384 3573 440 3618; x_wconf 79' lang='lat' dir='ltr'>urbe</span> <span class='ocrx_word' id='word_1_181' title='bbox 448 3573 508 3618; x_wconf 83' lang='lat' dir='ltr'>tellcl</span> 
     </span>
     <span class='ocr_line' id='line_1_20' title="bbox 368 3628 486 3679; baseline -0.017 -7"><span class='ocrx_word' id='word_1_182' title='bbox 368 3628 486 3679; x_wconf 68' lang='lat' dir='ltr'>emeret.</span> 
     </span>
     <span class='ocr_line' id='line_1_21' title="bbox 368 3682 485 3728; baseline 0 0"><span class='ocrx_word' id='word_1_183' title='bbox 368 3682 485 3728; x_wconf 67' lang='lat' dir='ltr'>decenbri.</span> 
     </span>
    </p>
   </div>
   <div class='ocr_carea' id='block_1_5' title="bbox 538 2751 1951 3096">
    <p class='ocr_par' dir='ltr' id='par_1_5' title="bbox 538 2751 1951 3096">
     <span class='ocr_line' id='line_1_22' title="bbox 538 2751 1947 2848; baseline -0.001 -22"><span class='ocrx_word' id='word_1_184' title='bbox 538 2753 681 2840; x_wconf 85' lang='lat' dir='ltr'>cellarii,</span> <span class='ocrx_word' id='word_1_185' title='bbox 702 2774 794 2825; x_wconf 87' lang='lat' dir='ltr'>anuo</span> <span class='ocrx_word' id='word_1_186' title='bbox 811 2751 984 2825; x_wconf 87' lang='lat' dir='ltr'>dominice</span> <span class='ocrx_word' id='word_1_187' title='bbox 1000 2751 1244 2826; x_wconf 86' lang='lat' dir='ltr'>iucarnationis</span> <span class='ocrx_word' id='word_1_188' title='bbox 1260 2754 1307 2826; x_wconf 85' lang='lat' dir='ltr'>bl.</span> <span class='ocrx_word' id='word_1_189' title='bbox 1327 2753 1581 2844; x_wconf 88' lang='lat' dir='ltr'>ducentesimo,</span> <span class='ocrx_word' id='word_1_190' title='bbox 1602 2773 1720 2824; x_wconf 92' lang='lat' dir='ltr'>mense</span> <span class='ocrx_word' id='word_1_191' title='bbox 1737 2752 1947 2848; x_wconf 87' lang='lat' dir='ltr'>novembris,</span> 
     </span>
     <span class='ocr_line' id='line_1_23' title="bbox 539 2873 1951 2970; baseline -0.004 -20"><span class='ocrx_word' id='word_1_192' title='bbox 539 2877 638 2950; x_wconf 84' lang='lat' dir='ltr'>tertie</span> <span class='ocrx_word' id='word_1_193' title='bbox 658 2876 878 2970; x_wconf 88' lang='lat' dir='ltr'>indictionis,</span> <span class='ocrx_word' id='word_1_194' title='bbox 903 2876 1002 2970; x_wconf 80' lang='lat' dir='ltr'>regui</span> <span class='ocrx_word' id='word_1_195' title='bbox 1021 2897 1105 2949; x_wconf 89' lang='lat' dir='ltr'>vero</span> <span class='ocrx_word' id='word_1_196' title='bbox 1127 2874 1260 2949; x_wconf 94' lang='lat' dir='ltr'>domini</span> <span class='ocrx_word' id='word_1_197' title='bbox 1282 2875 1389 2948; x_wconf 88' lang='lat' dir='ltr'>nostri</span> <span class='ocrx_word' id='word_1_198' title='bbox 1407 2873 1563 2948; x_wconf 86' lang='lat' dir='ltr'>Federici</span> <span class='ocrx_word' id='word_1_199' title='bbox 1580 2875 1643 2948; x_wconf 90' lang='lat' dir='ltr'>Dei</span> <span class='ocrx_word' id='word_1_200' title='bbox 1660 2874 1770 2970; x_wconf 82' lang='lat' dir='ltr'>gratie</span> <span class='ocrx_word' id='word_1_201' title='bbox 1785 2875 1878 2968; x_wconf 78' lang='lat' dir='ltr'>regis</span> <span class='ocrx_word' id='word_1_202' title='bbox 1892 2873 1951 2948; x_wconf 87' lang='lat' dir='ltr'>Si-</span> 
     </span>
     <span class='ocr_line' id='line_1_24' title="bbox 540 2996 1947 3096; baseline -0.001 -22"><span class='ocrx_word' id='word_1_203' title='bbox 540 3001 638 3095; x_wconf 91' lang='lat' dir='ltr'>cilie,</span> <span class='ocrx_word' id='word_1_204' title='bbox 659 3001 807 3075; x_wconf 87' lang='lat' dir='ltr'>ducatus</span> <span class='ocrx_word' id='word_1_205' title='bbox 829 2999 955 3096; x_wconf 84' lang='lat' dir='ltr'>Apulie</span> <span class='ocrx_word' id='word_1_206' title='bbox 976 3010 1011 3072; x_wconf 93' lang='lat' dir='ltr'>et</span> <span class='ocrx_word' id='word_1_207' title='bbox 1029 2999 1244 3096; x_wconf 88' lang='lat' dir='ltr'>principatus</span> <span class='ocrx_word' id='word_1_208' title='bbox 1262 2999 1379 3095; x_wconf 89' lang='lat' dir='ltr'>Capue</span> <span class='ocrx_word' id='word_1_209' title='bbox 1401 3021 1493 3074; x_wconf 86' lang='lat' dir='ltr'>euno</span> <span class='ocrx_word' id='word_1_210' title='bbox 1510 3000 1541 3072; x_wconf 96' lang='lat' dir='ltr'>ll</span> <span class='ocrx_word' id='word_1_211' title='bbox 1560 2996 1633 3096; x_wconf 88' lang='lat' dir='ltr'>(l),</span> <span class='ocrx_word' id='word_1_212' title='bbox 1652 2999 1807 3073; x_wconf 78' lang='lat' dir='ltr'>feliciter.</span> <span class='ocrx_word' id='word_1_213' title='bbox 1825 2997 1947 3072; x_wconf 81' lang='lat' dir='ltr'>Am0n.</span> 
     </span>
    </p>
   </div>
   <div class='ocr_carea' id='block_1_6' title="bbox 540 3561 1954 3810">
    <p class='ocr_par' dir='ltr' id='par_1_6' title="bbox 540 3561 1954 3810">
     <span class='ocr_line' id='line_1_25' title="bbox 593 3561 1952 3650; baseline -0.003 -1"><span class='ocrx_word' id='word_1_214' title='bbox 593 3567 806 3650; x_wconf 85' lang='lat' dir='ltr'>Fridericue</span> <span class='ocrx_word' id='word_1_215' title='bbox 834 3592 903 3649; x_wconf 87' lang='lat' dir='ltr'>rex</span> <span class='ocrx_word' id='word_1_216' title='bbox 934 3563 1083 3648; x_wconf 83' lang='lat' dir='ltr'>Siciliae</span> <span class='ocrx_word' id='word_1_217' title='bbox 1113 3563 1366 3650; x_wconf 90' lang='lat' dir='ltr'>Jeuueusibus</span> <span class='ocrx_word' id='word_1_218' title='bbox 1393 3573 1431 3650; x_wconf 87' lang='lat' dir='ltr'>et</span> <span class='ocrx_word' id='word_1_219' title='bbox 1461 3563 1682 3650; x_wconf 92' lang='lat' dir='ltr'>hominibus</span> <span class='ocrx_word' id='word_1_220' title='bbox 1707 3566 1756 3648; x_wconf 93' lang='lat' dir='ltr'>de</span> <span class='ocrx_word' id='word_1_221' title='bbox 1782 3561 1952 3646; x_wconf 91' lang='lat' dir='ltr'>districtu</span> 
     </span>
     <span class='ocr_line' id='line_1_26' title="bbox 540 3695 1954 3810; baseline -0.006 -24"><span class='ocrx_word' id='word_1_222' title='bbox 540 3701 682 3786; x_wconf 85' lang='lat' dir='ltr'>lonuee</span> <span class='ocrx_word' id='word_1_223' title='bbox 701 3727 724 3783; x_wconf 90' lang='lat' dir='ltr'>e</span> <span class='ocrx_word' id='word_1_224' title='bbox 741 3701 855 3784; x_wconf 91' lang='lat' dir='ltr'>Porto</span> <span class='ocrx_word' id='word_1_225' title='bbox 881 3699 1025 3782; x_wconf 90' lang='lat' dir='ltr'>Venere</span> <span class='ocrx_word' id='word_1_226' title='bbox 1043 3723 1166 3808; x_wconf 86' lang='lat' dir='ltr'>usque</span> <span class='ocrx_word' id='word_1_227' title='bbox 1194 3697 1424 3784; x_wconf 87' lang='lat' dir='ltr'>Monachum</span> <span class='ocrx_word' id='word_1_228' title='bbox 1450 3697 1624 3784; x_wconf 88' lang='lat' dir='ltr'>coneedit</span> <span class='ocrx_word' id='word_1_229' title='bbox 1644 3697 1762 3810; x_wconf 82' lang='lat' dir='ltr'>juris,</span> <span class='ocrx_word' id='word_1_230' title='bbox 1790 3695 1954 3780; x_wconf 90' lang='lat' dir='ltr'>dationis</span> 
     </span>
    </p>
   </div>
   <div class='ocr_carea' id='block_1_7' title="bbox 581 3884 1413 4075">
    <p class='ocr_par' dir='ltr' id='par_1_7' title="bbox 581 3884 1413 4075">
     <span class='ocr_line' id='line_1_27' title="bbox 581 3884 1061 3972; baseline -0.006 -21"><span class='ocrx_word' id='word_1_231' title='bbox 581 3888 620 3972; x_wconf 74' lang='lat' dir='ltr'>(a)</span> <span class='ocrx_word' id='word_1_232' title='bbox 642 3889 701 3968; x_wconf 79' lang='lat' dir='ltr'>Ap.</span> <span class='ocrx_word' id='word_1_233' title='bbox 718 3889 862 3951; x_wconf 84' lang='lat' dir='ltr'>Muratorl</span> <span class='ocrx_word' id='word_1_234' title='bbox 874 3884 910 3946; x_wconf 82' lang='lat' dir='ltr'>dc</span> <span class='ocrx_word' id='word_1_235' title='bbox 924 3887 1061 3948; x_wconf 74' lang='lat' dir='ltr'>Guarroa</span> 
     </span>
     <span class='ocr_line' id='line_1_28' title="bbox 581 3991 1413 4075; baseline -0.004 -17"><span class='ocrx_word' id='word_1_236' title='bbox 581 3995 619 4075; x_wconf 82' lang='lat' dir='ltr'>(d)</span> <span class='ocrx_word' id='word_1_237' title='bbox 642 3997 700 4074; x_wconf 81' lang='lat' dir='ltr'>Ap.</span> <span class='ocrx_word' id='word_1_238' title='bbox 715 3997 832 4058; x_wconf 88' lang='lat' dir='ltr'>Plrrum</span> <span class='ocrx_word' id='word_1_239' title='bbox 844 3991 1026 4072; x_wconf 78' lang='lat' dir='ltr'>Ftliaaellee,</span> <span class='ocrx_word' id='word_1_240' title='bbox 1039 3997 1147 4058; x_wconf 86' lang='lat' dir='ltr'>omisso</span> <span class='ocrx_word' id='word_1_241' title='bbox 1157 3997 1277 4056; x_wconf 83' lang='lat' dir='ltr'>nomine</span> <span class='ocrx_word' id='word_1_242' title='bbox 1289 3994 1413 4056; x_wconf 74' lang='lat' dir='ltr'>Simeon.</span> 
     </span>
    </p>
   </div>
   <div class='ocr_carea' id='block_1_8' title="bbox 540 4231 1959 4702">
    <p class='ocr_par' dir='ltr' id='par_1_8' title="bbox 540 4231 1959 4702">
     <span class='ocr_line' id='line_1_29' title="bbox 576 4231 1956 4310; baseline -0.005 -17"><span class='ocrx_word' id='word_1_243' title='bbox 576 4235 613 4310; x_wconf 83' lang='grc'>(4)</span> <span class='ocrx_word' id='word_1_244' title='bbox 623 4235 702 4310; x_wconf 77' lang='lat' dir='ltr'>Apud</span> <span class='ocrx_word' id='word_1_245' title='bbox 712 4234 841 4294; x_wconf 81' lang='lat' dir='ltr'>limetcri</span> <span class='ocrx_word' id='word_1_246' title='bbox 847 4251 958 4294; x_wconf 87' lang='lat' dir='ltr'>erronee</span> <span class='ocrx_word' id='word_1_247' title='bbox 966 4236 999 4294; x_wconf 83' lang='lat' dir='ltr'><em>X</em></span> <span class='ocrx_word' id='word_1_248' title='bbox 998 4237 1020 4306; x_wconf 88' lang='lat' dir='ltr'>l,</span> <span class='ocrx_word' id='word_1_249' title='bbox 1034 4235 1263 4310; x_wconf 86' lang='lat' dir='ltr'>apudPirrumll.</span> <span class='ocrx_word' id='word_1_250' title='bbox 1275 4235 1359 4292; x_wconf 79' lang='lat' dir='ltr'>llecte</span> <span class='ocrx_word' id='word_1_251' title='bbox 1366 4239 1457 4292; x_wconf 83' lang='lat' dir='ltr'>tamen</span> <span class='ocrx_word' id='word_1_252' title='bbox 1468 4233 1565 4308; x_wconf 83' lang='lat' dir='ltr'>cuique</span> <span class='ocrx_word' id='word_1_253' title='bbox 1578 4231 1786 4308; x_wconf 73' lang='lat' dir='ltr'>legendumeet:</span> <span class='ocrx_word' id='word_1_254' title='bbox 1800 4236 1896 4306; x_wconf 81' lang='lat' dir='ltr'>puorte</span> <span class='ocrx_word' id='word_1_255' title='bbox 1908 4231 1956 4286; x_wconf 82' lang='lat' dir='ltr'>itt-</span> 
     </span>
     <span class='ocr_line' id='line_1_30' title="bbox 540 4326 1956 4406; baseline -0.004 -17"><span class='ocrx_word' id='word_1_256' title='bbox 540 4331 680 4405; x_wconf 55' lang='grc' dir='ltr'>44444οηί3,</span> <span class='ocrx_word' id='word_1_257' title='bbox 699 4337 778 4406; x_wconf 79' lang='lat' dir='ltr'>repat</span> <span class='ocrx_word' id='word_1_258' title='bbox 797 4349 870 4389; x_wconf 84' lang='lat' dir='ltr'>cono</span> <span class='ocrx_word' id='word_1_259' title='bbox 884 4333 938 4391; x_wconf 85' lang='lat'><em>111.</em></span> <span class='ocrx_word' id='word_1_260' title='bbox 952 4333 1010 4391; x_wconf 91' lang='lat' dir='ltr'>Nisi</span> <span class='ocrx_word' id='word_1_261' title='bbox 1023 4348 1087 4391; x_wconf 88' lang='lat' dir='ltr'>vero</span> <span class='ocrx_word' id='word_1_262' title='bbox 1100 4348 1185 4390; x_wconf 87' lang='lat' dir='ltr'>annus</span> <span class='ocrx_word' id='word_1_263' title='bbox 1204 4332 1393 4389; x_wconf 87' lang='lat' dir='ltr'>incarnationis</span> <span class='ocrx_word' id='word_1_264' title='bbox 1406 4337 1461 4388; x_wconf 87' lang='lat' dir='ltr'>tem</span> <span class='ocrx_word' id='word_1_265' title='bbox 1476 4329 1560 4388; x_wconf 90' lang='lat' dir='ltr'>nitide</span> <span class='ocrx_word' id='word_1_266' title='bbox 1573 4329 1776 4405; x_wconf 87' lang='lat' dir='ltr'>exprimeretur,</span> <span class='ocrx_word' id='word_1_267' title='bbox 1786 4326 1956 4402; x_wconf 85' lang='lat' dir='ltr'>privilegium</span> 
     </span>
     <span class='ocr_line' id='line_1_31' title="bbox 541 4423 1957 4500; baseline -0.003 -16"><span class='ocrx_word' id='word_1_268' title='bbox 541 4429 636 4487; x_wconf 88' lang='lat' dir='ltr'>melius</span> <span class='ocrx_word' id='word_1_269' title='bbox 649 4430 736 4488; x_wconf 90' lang='lat' dir='ltr'>mensi</span> <span class='ocrx_word' id='word_1_270' title='bbox 749 4429 890 4489; x_wconf 85' lang='lat' dir='ltr'>novembri</span> <span class='ocrx_word' id='word_1_271' title='bbox 900 4429 935 4488; x_wconf 92' lang='lat' dir='ltr'>de</span> <span class='ocrx_word' id='word_1_272' title='bbox 947 4445 1018 4487; x_wconf 88' lang='lat' dir='ltr'>anuo</span> <span class='ocrx_word' id='word_1_273' title='bbox 1030 4433 1099 4486; x_wconf 81' lang='grc'><strong>4499</strong></span> <span class='ocrx_word' id='word_1_274' title='bbox 1116 4445 1150 4486; x_wconf 84' lang='lat' dir='ltr'>ex</span> <span class='ocrx_word' id='word_1_275' title='bbox 1161 4429 1276 4487; x_wconf 81' lang='lat' dir='ltr'>caeteris</span> <span class='ocrx_word' id='word_1_276' title='bbox 1286 4428 1357 4486; x_wconf 88' lang='lat' dir='ltr'>notis</span> <span class='ocrx_word' id='word_1_277' title='bbox 1370 4428 1535 4486; x_wconf 87' lang='lat' dir='ltr'>conveniret.</span> <span class='ocrx_word' id='word_1_278' title='bbox 1549 4427 1645 4486; x_wconf 84' lang='lat' dir='ltr'>Obstat</span> <span class='ocrx_word' id='word_1_279' title='bbox 1655 4427 1766 4500; x_wconf 88' lang='lat' dir='ltr'>iusuper</span> <span class='ocrx_word' id='word_1_280' title='bbox 1778 4425 1850 4500; x_wconf 90' lang='lat' dir='ltr'>quod</span> <span class='ocrx_word' id='word_1_281' title='bbox 1863 4423 1891 4480; x_wconf 91' lang='lat' dir='ltr'>in</span> <span class='ocrx_word' id='word_1_282' title='bbox 1905 4423 1957 4480; x_wconf 85' lang='lat' dir='ltr'>isto</span> 
     </span>
     <span class='ocr_line' id='line_1_32' title="bbox 542 4521 1959 4604; baseline -0.005 -17"><span class='ocrx_word' id='word_1_283' title='bbox 542 4545 649 4604; x_wconf 83' lang='lat' dir='ltr'>quoque</span> <span class='ocrx_word' id='word_1_284' title='bbox 667 4531 827 4589; x_wconf 89' lang='lat' dir='ltr'>documento</span> <span class='ocrx_word' id='word_1_285' title='bbox 842 4529 1018 4589; x_wconf 85' lang='lat' dir='ltr'>cancellarius</span> <span class='ocrx_word' id='word_1_286' title='bbox 1032 4530 1079 4603; x_wconf 90' lang='lat' dir='ltr'>qui</span> <span class='ocrx_word' id='word_1_287' title='bbox 1093 4533 1157 4586; x_wconf 87' lang='lat' dir='ltr'>tunc</span> <span class='ocrx_word' id='word_1_288' title='bbox 1168 4529 1297 4604; x_wconf 89' lang='lat' dir='ltr'>temporis</span> <span class='ocrx_word' id='word_1_289' title='bbox 1309 4529 1345 4586; x_wconf 88' lang='lat' dir='ltr'>ud</span> <span class='ocrx_word' id='word_1_290' title='bbox 1357 4529 1572 4587; x_wconf 88' lang='lat' dir='ltr'>Panormituuem</span> <span class='ocrx_word' id='word_1_291' title='bbox 1589 4527 1682 4585; x_wconf 90' lang='lat' dir='ltr'>sedem</span> <span class='ocrx_word' id='word_1_292' title='bbox 1699 4539 1861 4600; x_wconf 80' lang='lat' dir='ltr'>magnopere</span> <span class='ocrx_word' id='word_1_293' title='bbox 1875 4521 1959 4581; x_wconf 77' lang='lat' dir='ltr'>nube</span> 
     </span>
     <span class='ocr_line' id='line_1_33' title="bbox 542 4621 1877 4702; baseline -0.001 -20"><span class='ocrx_word' id='word_1_294' title='bbox 542 4624 627 4696; x_wconf 85' lang='lat' dir='ltr'>lebat,</span> <span class='ocrx_word' id='word_1_295' title='bbox 642 4643 673 4686; x_wconf 88' lang='lat' dir='ltr'>se</span> <span class='ocrx_word' id='word_1_296' title='bbox 687 4628 831 4701; x_wconf 75' lang='lat' dir='ltr'>Troianum</span> <span class='ocrx_word' id='word_1_297' title='bbox 843 4628 1000 4702; x_wconf 87' lang='lat' dir='ltr'>episcopum</span> <span class='ocrx_word' id='word_1_298' title='bbox 1012 4641 1066 4684; x_wconf 91' lang='lat' dir='ltr'>uon</span> <span class='ocrx_word' id='word_1_299' title='bbox 1079 4625 1195 4700; x_wconf 87' lang='lat' dir='ltr'>emplius</span> <span class='ocrx_word' id='word_1_300' title='bbox 1206 4625 1400 4688; x_wconf 81' lang='lat' dir='ltr'>intituletllid.</span> <span class='ocrx_word' id='word_1_301' title='bbox 1410 4625 1524 4686; x_wconf 81' lang='lat' dir='ltr'>mirued</span> <span class='ocrx_word' id='word_1_302' title='bbox 1533 4625 1683 4702; x_wconf 86' lang='lat' dir='ltr'>epistolum,</span> <span class='ocrx_word' id='word_1_303' title='bbox 1699 4621 1785 4698; x_wconf 72' lang='lat' dir='ltr'>diulii</span> <span class='ocrx_word' id='word_1_304' title='bbox 1797 4625 1877 4682; x_wconf 70' lang='lat' dir='ltr'>leot.</span> 
     </span>
    </p>
   </div>
   <div class='ocr_carea' id='block_1_9' title="bbox 0 0 2239 5940">
    <p class='ocr_par' dir='ltr' id='par_1_9' title="bbox 0 0 2239 5940">
     <span class='ocr_line' id='line_1_34' title="bbox 0 0 2239 5940; baseline 0 0"><span class='ocrx_word' id='word_1_305' title='bbox 0 0 2239 5940; x_wconf 95' lang='lat' dir='ltr'> </span> 
     </span>
    </p>
   </div>
  </div>
 </body>
</html>
