4378 5954
250 552 347 612 [surm.
366 548 407 627 'bl
696 547 894 608 HISTORIA
917 545 1207 606 nlsuolturtcn.
1609 541 1667 603 10¹1

249 707 389 780 quoque
408 683 458 754 tui
478 682 758 776 tranquillitatem
774 691 808 755 et
822 705 943 779 pacem
957 681 1141 755 efficaciter
1156 681 1361 776 aspiremus,
1377 679 1535 752 misimus
1550 697 1662 773 nuper

250 809 297 882 ad
314 818 373 880 tue
389 807 582 880 serenitatis
600 807 807 901 presentiam
823 806 987 880 dilectum
1007 807 1116 878 filium
1130 805 1171 878 G.
1192 805 1305 884 Sancti
1317 803 1460 878 Adriani
1477 803 1662 876 diaconum

250 931 480 1022 cardinalem,
499 931 695 1025 Apostolice
713 931 812 1004 Sedis
825 933 989 1024 legatum,
1004 929 1120 1002 virum
1135 929 1320 1026 providum
1335 939 1370 1002 et
1380 929 1583 1016 honestum,
1601 927 1663 1022 qui

252 1057 330 1129 vioe
347 1065 462 1128 nostra
480 1056 538 1127 illa
556 1063 678 1126 tractet
695 1067 731 1126 et
747 1065 911 1150 agatque
930 1065 999 1129 tam
1022 1055 1085 1126 tibi
1106 1077 1212 1150 quam
1231 1075 1338 1148 reguo
1356 1063 1416 1126 tuo
1434 1053 1585 1126 debeant
1599 1075 1664 1124 ex·

252 1181 385 1276 pedire.
403 1179 503 1252 Unde
520 1199 584 1250 uos
601 1201 642 1250 ea
658 1201 727 1273 que
743 1201 805 1274 per
824 1181 963 1252 nuutios
985 1188 1188 1252 memoratos
1208 1179 1323 1251 oblata
1346 1187 1382 1250 et
1402 1179 1572 1272 postulata
1590 1180 1665 1249 lue-

255 1314 336 1376 runt
359 1303 537 1376 referimus
559 1303 606 1376 ad
628 1303 810 1394 eumdem,
832 1305 1063 1398 exprimentes
1077 1304 1110 1377 oi
1128 1313 1244 1376 uostrc
1267 1303 1520 1397 beneplacitum
1538 1303 1664 1373 voluu-

257 1429 335 1500 tatis
360 1435 417 1517 ut,
434 1428 599 1521 utrinque
625 1428 796 1500 concessis
825 1450 895 1522 que
924 1429 1053 1502 luerint
1077 1437 1288 1523 opportuna,
1305 1449 1377 1522 pax
1404 1436 1607 1522 procuretur
1631 1435 1667 1498 et

256 1553 367 1642 salus,
394 1573 439 1624 ue
462 1551 656 1624 miserabile
682 1551 830 1646 regnum
851 1551 1024 1625 coutinuis
1043 1573 1245 1646 guerrarum
1271 1551 1429 1624 cladibus
1455 1553 1664 1626 destruatur.

257 1677 334 1762 Qun
358 1676 449 1750 circa
473 1676 689 1749 serenitatem
710 1677 840 1771 regiam
863 1697 1026 1772 rogamus
1050 1677 1213 1750 attentius
1235 1685 1270 1748 et
1293 1695 1473 1748 monemus
1496 1685 1666 1768 quatenns

257 1801 412 1893 ejusdem
440 1799 624 1874 cardinalis
654 1801 805 1874 consiliis
832 1813 868 1876 ct
897 1803 1035 1874 monitis
1062 1802 1282 1896 acquiescas,
1311 1801 1460 1872 sciturus
1485 1821 1549 1896 pro
1575 1810 1667 1872 certo

257 1925 351 2020 quod
371 1947 434 1997 uos
452 1926 514 2020 qui
533 1945 596 2021 pro
614 1926 814 1999 detonsione
833 1946 977 2020 persone
997 1945 1038 1998 ac
1060 1935 1149 1998 terro
1169 1935 1230 1998 tue
1247 1927 1372 1998 multos
1398 1933 1433 1996 et
1451 1945 1596 2018 magnos
1615 1925 1667 1996 la-

257 2051 359 2120 bores
371 2049 539 2122 hacteuus
556 2050 795 2140 sustinuimus,
806 2049 955 2144 grandes
970 2071 1112 2145 quoque
1125 2050 1270 2123 fecimus
1287 2071 1328 2122 ac
1343 2071 1466 2142 graves
1479 2069 1663 2144 expensas,

258 2195 437 2268 uunquam
460 2174 522 2245 tibi
549 2173 724 2248 deerimus
738 2175 824 2268 quin
844 2173 891 2247 ad
908 2175 1073 2248 honorem
1091 2184 1127 2248 et
1148 2177 1337 2270 proiectum
1362 2183 1459 2247 tuum
1484 2175 1667 2248 efficaciter

259 2297 476 2370 intendentes
500 2307 618 2372 contra
641 2299 903 2394 malignantium
925 2299 1084 2372 incursus
1104 2301 1330 2396 apostolicum
1353 2299 1417 2372 tibi
1438 2301 1667 2396 patrocinium

259 2421 512 2516 impendamus.

307 2546 433 2617 Datum
455 2548 560 2619 Rome
583 2545 678 2642 apud
704 2549 866 2620 Sanctum
888 2547 1044 2640 Petrum,
1063 2549 1107 2622 lv
1132 2571 1240 2622 nonas
1265 2549 1431 2638 octobris,
1452 2545 1671 2644 pontificatus

259 2671 366 2742 nostri
384 2692 475 2744 auuo
492 2672 650 2768 septimo.

314 3225 556 3316 Innocentius
574 3257 673 3340 papa
690 3230 928 3315 Willelmum
959 3232 1219 3344 Capparouem
1247 3259 1270 3316 a
1296 3260 1374 3344 quo
1401 3236 1555 3318 nuntios
1582 3263 1671 3318 cum
1695 3245 1877 3356 ,pgfpggm'

260 3359 393 3444 litteris
428 3363 542 3472 regiis
573 3363 741 3471 recepit,
774 3364 948 3447 hortatur
984 3368 1033 3448 ad
1069 3366 1346 3450 absolutionem
1383 3372 1673 3477 promerendam
1724 3354 1849 3396 ..casm

263 3492 500 3601 Apostolioae
527 3496 634 3578 Sedis
661 3497 849 3579 voluntati
876 3500 1165 3608 acquiescendc,
1194 3512 1400 3613 monetque
1427 3513 1470 3586 ut
1496 3504 1545 3585 ad
1571 3532 1673 3589 cou-

262 3628 555 3710 summationem
573 3630 678 3736 pacis
694 3656 783 3711 cum
798 3631 844 3714 G.
866 3632 994 3714 Sancti
1013 3633 1170 3716 Adriani
1185 3634 1347 3718 diacono
1364 3637 1557 3720 cardinale
1573 3666 1673 3748 ope-

262 3783 345 3838 ram
364 3760 560 3868 impeudat
577 3761 781 3846 efficacem.

343 3970 442 4051 (Edld.
458 3976 650 4053 barnuinus,
665 3979 764 4040 Iunco.
779 3980 827 4040 111
836 3981 929 4060 epist,
944 3980 995 4041 llb.
1012 3982 1085 4062 Vll,
1098 3987 1122 4044 t.
1138 3985 1183 4058 ll,
1199 3999 1230 4060 p.
1248 3981 1331 4064 550.)

311 4159 549 4254 Innocentius,
569 4173 659 4257 etc,
681 4166 789 4238 nobili
809 4167 886 4240 viro
904 4169 962 4241 W.
985 4171 1151 4264 Caparoui
1174 4173 1334 4270 spiritum
1352 4177 1485 4250 consilii
1508 4179 1665 4254 sanioris.

262 4281 432 4366 Quoniam
454 4287 674 4362 Marcualdus
698 4313 778 4364 cum
803 4293 995 4366 fautoribus
1014 4295 1087 4368 suis
1112 4301 1479 4374 excommunicationis
1505 4305 1571 4376 luit
1592 4304 1670 4376 vin·

263 4408 342 4480 culo
357 4407 542 4484 innodatus
558 4421 593 4486 et
610 4423 648 4485 tu
665 4414 697 4486 ei
719 4435 781 4510 pro
801 4439 901 4511 posse
917 4419 1053 4507 lavisti,
1075 4421 1190 4494 mirari
1210 4444 1280 4494 uon
1300 4423 1406 4496 debes
1432 4425 1461 4497 si
1485 4427 1548 4498 tibi
1571 4437 1669 4500 aute·

261 4550 366 4622 quam
385 4532 609 4608 absolutionis
626 4536 771 4631 gratiam
788 4540 970 4631 merearis,
991 4542 1227 4616 salutationem
1245 4553 1279 4617 et
1296 4545 1572 4622 benedictionem
1587 4573 1669 4647 apo-

260 4654 415 4728 stolicam
435 4657 660 4756 denegamus.
681 4663 887 4760 Recepimus
903 4675 1019 4739 tamen
1036 4667 1247 4762 benignitate
1266 4679 1410 4766 paterna
1427 4675 1565 4750 nuutios
1579 4701 1670 4775 quos
