4382 5946
271 535 428 620 ulma]
715 537 912 598 ersronnr
939 537 1232 597 orenounrrcn.
1618 533 1679 595 use

272 675 357 745 turis
374 672 583 766 temporibus
603 691 666 743 nec
688 692 729 744 ea
745 693 815 765 qne
833 693 937 766 snpra
958 674 1223 745 memoravimus
1245 671 1386 766 exigere
1403 671 1539 765 penitus
1555 691 1677 766 presu-

271 807 357 886 mat;
375 797 438 870 sed
455 797 554 868 liceat
571 798 703 891 prelato
724 796 849 889 presuli
871 796 1012 890 suisque
1026 798 1282 869 successorihus
1297 817 1351 868 res
1370 795 1521 890 predicte
1534 793 1677 866 ecclesie

269 921 336 992 sub
355 920 506 991 tuitionis
522 927 626 1012 atque
650 918 874 990 immunitatis
896 919 1110 1010 defensione,
1133 929 1262 993 remota
1283 919 1385 990 totius
1408 917 1592 1010 judiciarie
1611 937 1679 1011 po-

270 1042 399 1114 testatis
425 1041 686 1136 inquietudine,
709 1043 826 1135 quieto
846 1043 968 1116 ordine
988 1043 1175 1137 possidere.
1204 1046 1377 1115 Donamus
1404 1042 1506 1113 etiam
1534 1051 1568 1112 et
1592 1061 1680 1112 con-

269 1167 424 1239 cedimus
455 1166 608 1261 predicte
639 1167 783 1238 ecclesie
818 1177 921 1260 atque
956 1167 1121 1240 Ganlrido
1151 1167 1306 1258 ejusdem
1341 1167 1485 1238 ecclesie
1518 1165 1680 1259 episcopo

270 1299 305 1361 et
322 1291 578 1363 successoribus
594 1293 670 1382 ejus
683 1292 845 1362 Nativum
862 1294 992 1364 Saxum
1014 1290 1109 1385 quod
1132 1291 1273 1385 antiquo
1292 1289 1460 1362 vocabulo
1480 1274 1599 1361 Tutela
1615 1309 1680 1360 vo-

271 1427 379 1504 cator,
399 1435 439 1486 ea
461 1413 657 1487 conditione
681 1423 715 1486 et
739 1415 943 1487 authoritate
970 1413 1203 1487 munificentie
1227 1423 1341 1485 nostre
1367 1423 1405 1484 ut
1426 1413 1541 1484 nullus
1565 1411 1680 1504 judex

272 1537 448 1632 publicus,
466 1539 582 1609 nullus
597 1559 727 1626 comes,
746 1540 840 1610 nulla
854 1549 1004 1633 potestas
1018 1539 1147 1612 ibidem
1166 1539 1320 1611 habiture
1339 1544 1513 1632 presumat
1528 1544 1589 1609 ant
1602 1557 1680 1607 mn·

271 1660 433 1733 nitionem
463 1662 614 1756 aliquam
646 1673 844 1734 construere
877 1663 943 1735 nisi
974 1663 1148 1758 predictus
1176 1662 1358 1756 episcopus
1378 1672 1438 1733 ant
1465 1681 1680 1733 successores

271 1784 374 1856 illius.
391 1787 566 1858 Donamus
581 1785 683 1858 etiam
702 1795 737 1858 et
754 1787 975 1859 concedimus
997 1787 1060 1858 tibi
1078 1785 1243 1858 Gaulrido
1257 1786 1497 1858 'tricastinensi
1514 1785 1679 1882 episcopo

271 1918 304 1980 et
326 1911 581 1982 successorihus
604 1910 672 1981 tuis
692 1910 727 1981 in
747 1919 953 2006 perpetuum
974 1933 1038 1982 sex
1059 1909 1219 1982 denarios
1240 1909 1451 1981 Viennenses
1475 1909 1510 1978 in
1532 1908 1678 2001 singulis

270 2033 389 2106 hestiis
412 2035 538 2128 grossis
560 2035 710 2106 oneratis
734 2033 999 2107 ascendentibus
1025 2043 1059 2106 et
1083 2032 1372 2106 descendentibus
1396 2032 1679 2126 perte1·ram,in

271 2156 459 2228 minoribus
479 2157 598 2228 hestiis
614 2156 703 2230 duos
721 2157 899 2248 denarios,
917 2167 952 2230 et
974 2157 1009 2228 in
1026 2179 1119 2251 aqna
1141 2156 1176 2228 in
1186 2155 1339 2248 singulis
1362 2154 1512 2248 chargiis
1529 2177 1594 2228 sex
1612 2154 1684 2228 dc-·

271 2279 384 2352 uarios
401 2281 627 2352 Viennenses.
642 2283 789 2354 Mercata
813 2291 927 2354 autem
953 2283 1039 2354 iacta
1062 2282 1098 2352 in
1122 2281 1321 2375 episcopatu
1341 2289 1400 2351 tuo
1419 2289 1535 2350 contra
1555 2280 1680 2352 volun·

272 2413 373 2475 tatem
394 2404 536 2476 ecclesie
553 2413 611 2477 tue
626 2415 660 2478 ct
677 2403 956 2500 predecessorum
975 2415 1111 2478 tuorum
1128 2427 1315 2478 cassamus.
1329 2404 1378 2476 Ne
1397 2403 1442 2476 de
1459 2412 1572 2476 cetero
1590 2403 1680 2476 lianc

271 2527 535 2622 prohihitionem
550 2529 828 2621 contravenient,
841 2529 917 2601 illos
930 2527 989 2623 qui
1006 2528 1156 2602 notarios
1169 2537 1204 2600 et
1215 2528 1515 2622 hullasplnmheas
1527 2530 1681 2599 lecerunt

270 2652 369 2745 quasi
397 2652 551 2724 falsarios
568 2650 839 2726 condemnamus
863 2664 898 2725 et
921 2675 964 2726 ne
979 2654 1057 2746 quis
1072 2675 1191 2725 eorum
1210 2651 1444 2723 instrumentis
1470 2661 1586 2722 utatur
1611 2653 1678 2722 suh

270 2785 351 2848 nota
368 2776 508 2848 iniamie
525 2775 758 2870 prohibemus.
781 2777 993 2874 Precipimus
1016 2778 1118 2850 etiam
1147 2787 1184 2848 nt
1210 2775 1388 2846 Tricastini
1417 2775 1541 2847 milites
1563 2777 1679 2848 conse·

270 2908 362 2990 rant,
381 2900 470 2970 sicut
485 2901 543 2972 alii
559 2901 654 2974 cives
672 2912 928 2974 consueverunt
951 2903 1104 2974 conterre
1123 2900 1169 2973 nd
1195 2921 1366 2994 expensas
1392 2920 1481 2993 quas
1508 2907 1544 2970 tu
1572 2899 1676 2973 modo

271 3023 353 3095 lacis
371 3025 427 3095 vel
447 3033 483 3095 tu
501 3025 557 3097 vel
578 3047 792 3098 successores
813 3027 863 3098 tui
885 3025 1016 3099 iacietis
1038 3025 1073 3096 in
1096 3035 1267 3120 posterum
1290 3023 1431 3118 qnando
1447 3024 1628 3115 contigerit
1645 3035 1678 3099 te

269 3149 326 3220 vel
351 3135 670 3222 successores‘tnos
694 3151 825 3222 curiam
850 3160 1000 3224 nostram
1023 3150 1181 3236 visitare,
1209 3149 1272 3220 sed
1298 3147 1441 3220 clericos
1468 3148 1675 3244 excipimus.

270 3273 347 3344 lllos
370 3283 484 3345 autem
510 3273 571 3368 qni
600 3283 717 3348 contra
745 3275 942 3369 supradicta
968 3274 1088 3346 venire
1113 3273 1398 3368 presumpserint,
1423 3293 1513 3368 pena
1540 3281 1678 3345 centnm

270 3396 433 3468 librarum
452 3419 634 3470 aurearum
656 3401 881 3491 mulctamus,
902 3410 942 3472 ut
966 3399 1134 3473 medietas
1153 3396 1236 3469 fisco
1253 3405 1369 3469 nostro
1387 3397 1593 3487 conseratur,
1611 3398 1678 3472 alia

271 3519 435 3592 medietas
462 3522 623 3616 episcopo
651 3525 856 3595 conteratur.
880 3525 923 3596 Ut
946 3531 1060 3596 autern
1090 3522 1156 3593 hen
1178 3520 1294 3594 omnia
1320 3518 1516 3616 supradicta
1541 3520 1678 3594 firmum

270 3643 375 3715 rohur
392 3645 428 3713 in
447 3653 652 3740 perpetuum
668 3645 836 3737 habeant,
858 3656 1047 3741 presentem
1064 3656 1194 3719 cartam
1221 3645 1314 3717 hulla
1338 3653 1453 3719 nostra
1470 3667 1576 3719 aurea
1596 3646 1680 3719 insi·

269 3765 359 3860 gniri
376 3767 603 3862 precepimus.

317 3893 428 3983 Hujus
446 3893 495 3963 rei
516 3903 618 3965 testes
634 3903 714 3966 sunt
736 3922 744 3965 :
765 3895 934 3968 Dietricus
950 3897 1167 3968 Treverensis
1185 3895 1483 3991 archiepiscopus,
1504 3893 1679 3968 Amadeus

269 4015 466 4089 Bisuntinus
490 4018 783 4114 archiepiscopus,
802 4021 978 4094 Conradus
996 4019 1264 4092 constantiensis
1289 4020 1488 4114 episcopus,
1510 4019 1678 4091 Henricus

268 4137 527 4232 Argentinensis
542 4143 741 4238 episcopus,
759 4143 928 4216 Walterue
942 4145 1138 4217 Basiliensis
1154 4146 1298 4234 electus,
1319 4143 1514 4216 Desiderius
1541 4143 1677 4215 Diensis

267 4262 465 4358 episcopus,
484 4264 572 4337 Otho
596 4265 672 4338 dux
695 4268 863 4358 hieronis,
885 4289 1000 4341 comes
1025 4269 1228 4363 Rodulphus
1257 4267 1301 4340 de
1328 4267 1539 4358 Hahisburc,
1561 4287 1676 4339 comes

268 4385 460 4458 Fridericus
479 4386 524 4460 de
542 4387 701 4480 Phirrito,
721 4391 891 4464 Henricus
918 4392 963 4466 de
982 4393 1111 4483 Nilien,
1128 4391 1309 4463 Anselrnus
1327 4390 1373 4463 dc
1388 4389 1586 4484 lustingen,
1605 4391 1677 4464 llo·

268 4508 421 4603 dulphns
434 4510 624 4585 advocatus
646 4512 691 4586 de
708 4515 960 4610 Raphrewilre,
981 4517 1149 4590 Walterus
1176 4516 1338 4610 pincerna
1355 4513 1400 4588 de
1422 4514 1565 4610 Stophin
1580 4512 1671 4613 (sic),

269 4633 460 4706 Fridericus
479 4635 524 4708 de
538 4637 819 4735 Schovumburg,
840 4643 949 4714 etalii
967 4641 1202 4737 quamplures.
