4378 5954
224 521 323 631 rme.
340 561 383 650 a]
673 561 870 623 ursronrn
894 559 1190 625 nrrnouarrca
1581 565 1637 624 ur

225 700 428 796 majestatis,
449 698 581 770 utinam
600 717 677 769 eam
698 717 834 792 semper
856 696 1099 791 preveniamus
1116 693 1292 789 obsequiis
1310 697 1410 789 cujus
1429 693 1637 789 adjuvamur

226 823 405 923 presidiis,
434 822 535 914 cujus
558 819 733 915 suffragiis
760 815 972 893 relevamur!
1002 829 1086 892 tunc
1113 821 1206 892 enim
1232 821 1355 892 melius
1380 821 1487 893 nostri
1515 820 1638 917 dispo-

226 957 357 1021 nuntur
369 947 450 1039 jura
465 945 656 1039 regiminis,
678 945 708 1016 si
728 954 824 1039 grate
838 945 1033 1018 devotionis
1048 946 1216 1040 obsequio
1233 956 1376 1019 matram
1396 947 1639 1042 preveniamus

227 1071 426 1160 Salvatoris,
445 1079 485 1142 ut
501 1091 565 1142 nos
587 1070 624 1140 in
648 1079 766 1142 nostro
787 1069 955 1164 regimine
969 1091 1105 1166 semper
1117 1081 1297 1144 conservet
1319 1071 1525 1144 incolumem
1544 1070 1636 1167 (sic),

228 1197 289 1292 qui
310 1196 371 1270 dat
390 1197 535 1269 salutem
559 1194 701 1284 regibus
720 1201 754 1266 et
772 1215 879 1288 quem
901 1194 1048 1266 latemur
1073 1205 1108 1268 et
1131 1195 1331 1292 profitemur
1355 1197 1476 1286 corde,
1499 1215 1590 1268 voce·
1605 1207 1640 1268 et

229 1343 333 1418 opere
348 1322 577 1408 Salvatorem3
594 1318 747 1390 maxime
758 1328 887 1408 autem,
903 1318 1043 1414 ollirgo
1054 1319 1244 1414 virginum,
1259 1320 1345 1393 illud
1358 1331 1457 1392 tuum
1472 1321 1640 1394 duximus

229 1445 476 1519 monasterinm
497 1444 555 1540 pia
574 1442 759 1516 devotione
781 1441 966 1514 colendum
988 1441 1084 1538 quod
1112 1443 1251 1538 speciali
1269 1443 1440 1516 vocabulo
1462 1443 1507 1516 de
1526 1443 1640 1516 Monte

229 1569 381 1666 Virginis
405 1567 544 1654 dicitnr,
568 1567 733 1662 religione
753 1574 788 1638 et
811 1565 950 1638 nomine
974 1566 1228 1662 prerogativam
1249 1567 1428 1662 optinens,
1455 1567 1520 1640 loci
1540 1567 1641 1662 posi-

231 1694 324 1767 tione
350 1694 387 1765 in
410 1715 519 1788 regno
544 1703 660 1765 nostro
682 1691 905 1764 veneratione
927 1693 1139 1788 prepollens,
1160 1699 1198 1762 nt
1219 1712 1315 1782 vere,
1334 1691 1423 1762 sicut
1439 1691 1474 1762 in
1494 1692 1641 1787 pueritia

231 1829 346 1892 nostra
363 1817 568 1900 didicimus,
589 1819 702 1890 oleum
721 1817 869 1890 effusum
883 1817 928 1890 sit
941 1839 1066 1890 nomen
1081 1817 1157 1909 ejus
1178 1815 1273 1910 quod
1294 1816 1331 1888 in
1348 1817 1483 1889 viscera
1504 1818 1642 1890 miseri-

231 1943 349 2018 cordie
371 1965 507 2040 semper
531 1942 754 2034 diffunditur,
780 1942 958 2016 sanctitate
984 1944 1158 2016 attollatur
1178 1939 1267 2038 (cic),
1288 1941 1455 2036 religione
1478 1952 1512 2014 et
1534 1943 1642 2035 gloria

231 2070 415 2142 exaltatur.
429 2067 554 2142 Odoris
580 2069 697 2162 itaque
724 2066 830 2160 hujus
854 2067 1060 2140 sanctissimi
1087 2067 1153 2141 loci
1181 2069 1285 2163 plena
1310 2067 1482 2140 suavitate
1506 2068 1640 2160 relecti,

232 2193 360 2290 piaque
384 2191 524 2266 domine
554 2192 729 2287 genitricis
754 2201 870 2266 nostre
893 2193 1180 2266 excellentissime
1206 2191 1385 2289 quondam
1411 2193 1642 2266 Romanorum

233 2318 457 2414 imperatricis
475 2326 622 2412 anguste
640 2317 685 2390 ab
706 2317 807 2390 annis
830 2317 955 2392 nostris
975 2317 1101 2392 teneris
1117 2317 1264 2412 vestigia
1280 2315 1417 2408 imitati,
1433 2339 1503 2412 que
1520 2339 1645 2391 mona-

233 2443 375 2514 sterium
397 2443 511 2538 ipsum
534 2452 569 2515 et
590 2439 716 2514 dilexit
735 2450 771 2514 et
787 2441 862 2514 suis
884 2440 1062 2514 beneficiis
1086 2443 1228 2533 extulit,
1253 2441 1298 2514 de
1315 2441 1373 2537 pia
1396 2450 1511 2516 nostra
1532 2443 1645 2537 largi-

233 2565 327 2639 tione
343 2566 438 2661 regia
465 2565 688 2639 concedimus
705 2575 810 2660 atque
829 2566 1000 2640 donamus
1021 2565 1058 2638 in
1085 2565 1253 2639 territorio
1276 2565 1492 2660 blagdalonis
1509 2575 1645 2639 tantum

234 2691 280 2764 de
294 2694 420 2766 foresto
437 2691 588 2766 demanii
611 2691 718 2765 nostri
740 2689 836 2786 quod
854 2691 903 2762 ibi
920 2691 1108 2782 habemus,
1127 2700 1294 2786 utusque
1312 2690 1358 2764 ad
1375 2713 1439 2764 sex
1456 2691 1581 2764 corbas
1598 2693 1644 2766 ad

234 2816 377 2888 curbam
402 2814 519 2912 Capua
538 2815 583 2889 do
606 2815 682 2912 ipso
707 2814 894 2888 tenimento
917 2813 954 2885 in
977 2814 1100 2887 eodem
1123 2815 1247 2887 foresto
1272 2813 1400 2887 habere
1429 2815 1536 2910 possit
1561 2839 1644 2911 pre-

235 2940 367 3014 dictum
388 2962 526 3012 sacrum
552 2941 734 3014 cenobium
762 2939 889 3013 blontis
912 2937 1081 3032 Virginis,
1102 2937 1149 3012 ad
1168 2937 1365 3012 iaciendum
1393 2939 1441 3011 ibi
1464 2941 1644 3014 ecclesiam

235 3087 315 3138 cnm
330 3064 503 3138 eddifioiis
525 3075 560 3138 et
579 3063 881 3139 commoditatibus
899 3063 1022 3137 ceteris
1041 3085 1111 3160 que
1129 3063 1176 3137 ad
1196 3086 1299 3137 usum
1314 3074 1348 3137 et
1365 3063 1547 3137 utilitatem
1570 3066 1645 3138 loco

236 3198 270 3264 et
287 3189 449 3263 iratribus
463 3189 526 3284 qui
544 3189 593 3261 ibi
609 3191 736 3262 inerint
748 3189 899 3285 possint,
917 3197 1058 3262 auctore
1072 3187 1231 3280 Domino,
1251 3189 1447 3264 convenire.
1469 3189 1523 3262 Ad
1542 3189 1646 3284 hujus

236 3314 342 3409 igitur
357 3313 415 3409 pie
437 3313 633 3407 largicionis
654 3314 792 3387 initium
810 3313 935 3386 futuris
959 3335 1096 3410 semper
1113 3313 1324 3409 temporibus
1341 3314 1378 3385 in
1396 3313 1519 3386 melius
1537 3315 1647 3387 robo-

236 3437 403 3529 randum,
427 3458 499 3533 quo
521 3437 656 3510 facilins
678 3440 782 3512 Beata
801 3447 836 3510 et
857 3437 1008 3530 gloriosa
1028 3437 1135 3532 Virgo
1159 3437 1268 3511 blaria
1291 3447 1326 3511 et
1349 3437 1549 3532 unigenitus
1572 3441 1648 3532 ejus

236 3563 394 3636 Salvator
421 3571 535 3634 noster
558 3561 725 3635 Dominus
754 3562 878 3636 lesbus
905 3561 1060 3636 Christus
1087 3572 1123 3634 et
1151 3561 1251 3635 nobis
1280 3561 1428 3634 salutem
1456 3571 1585 3658 prestet
1614 3574 1650 3636 et

237 3707 357 3782 pacem
384 3693 419 3758 et
446 3685 629 3758 animabus
659 3686 918 3782 progenitorum
949 3695 1142 3758 nostrorum
1169 3687 1346 3780 requiem,
1375 3685 1423 3759 ad
1449 3698 1650 3783 perpetuam

237 3809 349 3906 ipsius
375 3809 463 3882 sacri
484 3809 621 3882 cenobii
637 3807 850 3901 firmitatem,
868 3830 1012 3906 presens
1029 3799 1113 3885 inde
1130 3809 1352 3908 privilegium
1378 3811 1548 3884 conscribi
1570 3812 1652 3905 jus-

237 3934 347 4006 simus
367 3945 403 4006 et
427 3941 542 4008 nostre
559 3934 746 4027 majestatis
762 3933 876 4027 sigillo
894 3935 1119 4026 communiri,
1139 3955 1247 4028 anno,
1266 3957 1385 4008 mense
1404 3946 1440 4008 et
1463 3935 1652 4009 indictione

237 4057 453 4155 subscriptis.

287 4183 373 4254 Data
396 4183 431 4254 in
455 4183 543 4257 urbo
566 4183 659 4256 felici
682 4183 859 4274 Panormi,
882 4205 974 4257 anno
999 4183 1172 4256 dominice
1201 4182 1445 4256 incarnationis
1470 4185 1651 4258 millesimo

240 4303 476 4380 ducentesimo
498 4315 616 4393 sexto,
638 4329 755 4380 mensa
777 4329 891 4380 m.....
914 4305 982 4403 (l),
1006 4327 1097 4378 none
1117 4304 1335 4394 indictionis,
1358 4307 1456 4402 regni
1477 4329 1559 4379 vero
1583 4307 1651 4381 do·

276 4608 312 4685 (t)
332 4610 421 4681 Qum
434 4611 508 4672 locus
524 4615 552 4672 in
565 4629 726 4688 pergamena
739 4613 843 4674 delatus
854 4617 904 4690 sit,
919 4615 1099 4692 supplendum
1111 4619 1153 4674 est
1166 4614 1255 4690 potius
1268 4613 1367 4671 martit·
1377 4629 1457 4688 quam
1471 4613 1575 4688 modii,
1588 4615 1652 4690 quia

239 4719 302 4764 cum
317 4708 381 4766 anni
392 4711 469 4785 regni
480 4711 507 4768 in
520 4711 610 4771 sicilia
620 4717 732 4772 currant
745 4729 761 4772 a
774 4713 878 4773 decimo
891 4713 1007 4789 septimo
1025 4713 1069 4772 dio
1088 4714 1166 4786 maii,
1181 4711 1283 4771 mansis
1297 4712 1410 4770 martius
1428 4711 1491 4769 anni
1503 4715 1572 4770 ⁴2⁰6
1584 4711 1654 4771 intra
