4378 5954
262 529 428 652 unimur
711 571 908 634 rusronrn
934 575 1225 638 nrruouarrca.
1630 579 1669 640 or

260 719 375 782 autem
393 716 509 780 nostre
525 708 772 800 concessionis,
791 708 988 784 donationis
1006 721 1041 783 et
1060 710 1328 785 confirmationis
1345 713 1546 786 memoriam
1563 723 1599 786 et
1615 715 1670 786 in-

260 834 424 906 uiolabile
449 831 724 918 firmamentum,
746 856 889 928 presens
914 836 1131 930 privilegium
1156 837 1259 908 scribi
1287 847 1323 909 et
1348 837 1460 931 sigillo
1486 838 1672 931 majestatis

260 967 377 1030 nostre
387 957 557 1050 jussimus
571 957 788 1047 communiri,
806 979 910 1048 anno,
929 981 1048 1032 mense
1061 971 1096 1032 et
1114 960 1301 1033 indictione
1316 961 1532 1056 subscriptis.

307 1085 432 1154 Datum
451 1081 487 1152 in
507 1081 595 1153 urbe
615 1081 706 1153 felici
729 1083 904 1172 Panormi,
924 1105 1015 1156 anuo
1033 1083 1207 1156 dominice
1227 1085 1467 1158 incnmatiouis
1489 1085 1671 1158 millesimo

259 1205 496 1278 ducentesimo
513 1205 625 1296 tertio,-
642 1205 770 1278 mensis
788 1205 998 1296 decembris,
1019 1219 1117 1280 sexte
1140 1209 1357 1298 indictionis,
1379 1209 1475 1304 regni
1498 1231 1581 1282 vero
1601 1210 1670 1284 do-

260 1329 344 1400 mini
363 1329 470 1401 nostri
489 1328 652 1402 Friderici
675 1329 814 1423 gloriosi
833 1331 925 1423 regis
944 1331 1076 1421 Sicilie,
1096 1331 1243 1406 ducatus
1261 1334 1386 1428 Apulis
1401 1343 1435 1406 et
1456 1334 1669 1430 principatus

258 1453 374 1548 Capue
390 1475 481 1526 auno
499 1453 619 1547 quinto
637 1451 703 1550 (l),
723 1455 876 1528 feliciter.
897 1455 1021 1528 Amen.

314 2035 555 2118 Innocentius
590 2062 690 2145 papa
727 2037 866 2122 tuolto
903 2037 1118 2121 Coloniensi
1158 2037 1438 2148 archiepiscopo
1473 2033 1676 2146 exprobrat
1698 2049 1878 2157 mm„

261 2169 365 2278 quod
391 2171 530 2254 Ottone
552 2169 750 2273 derelicto,
771 2169 946 2280 Philippo
973 2171 1178 2254 adhaerere
1197 2171 1302 2278 velit,
1332 2171 1558 2280 nuntiatque
1588 2175 1675 2278 post

260 2312 423 2384 mortem
435 2301 665 2408 Mercuuldi,
688 2303 853 2386 Conradi
871 2305 1068 2413 quondum
1086 2305 1194 2388 ducis
1213 2304 1354 2413 Spoleti
1371 2316 1409 2388 et
1426 2304 1589 2386 eliorum
1607 2301 1674 2412 qui

259 2459 423 2544 regnum
450 2433 599 2516 Siciliae
626 2433 780 2518 turbare
806 2435 1038 2532 nitebantur,
1066 2447 1200 2546 pacato
1232 2461 1350 2544 reguo
1376 2433 1518 2544 etjam
1546 2459 1675 2518 sorore

261 2567 362 2675 regis
381 2567 604 2678 Aragouum
622 2565 811 2652 Friderico
829 2569 911 2679 regi
928 2569 1175 2677 desponsata,
1192 2595 1232 2650 se
1250 2568 1398 2678 imperii
1416 2567 1577 2678 negotiis
1594 2565 1676 2675 plc-

263 2701 350 2782 nius
367 2699 625 2809 provisurum,

341 2914 472 2989 (lidldcr.
493 2917 630 2989 Beuum,
646 2915 744 2996 Epist.
763 2917 862 2978 Ionon.
879 2917 938 2994 111,
955 2923 979 2980 t.
998 2919 1029 2992 1,
1050 2935 1081 2994 p.
1099 2927 1175 2993 ⁷25,
1197 2935 1236 2978 ex
1257 2917 1369 2998 Repul.
1385 2914 1499 2997 imper„
1514 2927 1548 2978 n·
1569 2926 1618 2978 80.
1635 2947 1675 2962 -

379 3022 555 3101 nummu,
574 3021 683 3084 Annei
704 3020 812 3100 eccles„
834 3025 872 3085 nd
889 3041 961 3086 ann.
981 3021 1005 3106 S
1025 3024 1155 3104 XXVII,
1180 3041 1197 3084 e
1219 3023 1271 3086 llb.
1290 3026 1329 3102 V,
1353 3027 1440 3100 cplst.
1461 3033 1510 3085 79.
1530 3019 1576 3086 De
1597 3029 1674 3084 tem·

379 3145 451 3206 pora
480 3131 530 3190 cul
555 3129 629 3190 bnec
650 3131 774 3208 cplstoln
796 3130 949 3192 merenda
969 3131 1118 3206 uldeatur,
1140 3131 1180 3192 ci.
1196 3132 1358 3203 Bonum,
1380 3131 1534 3214 liupaton,
1549 3149 1580 3210 p.
1599 3139 1674 3212 tot,

380 3243 415 3295 n·
431 3231 512 3314 tlt.)

310 3421 542 3507 innocentius,
563 3431 646 3513 etc,
667 3422 829 3518 Adolpbo
843 3423 1035 3496 Coloniensi
1054 3423 1323 3519 archiepiscopo,
1344 3433 1410 3496 etc.
1431 3423 1524 3495 Licet
1542 3422 1586 3496 de
1602 3423 1676 3494 lra-

262 3547 419 3620 teruitale
435 3555 493 3617 tua
512 3544 642 3618 diversi
662 3546 762 3618 nobis
776 3569 838 3642 per
856 3549 984 3620 litteras
997 3558 1032 3620 et
1049 3547 1195 3620 nuncios
1212 3570 1293 3620 suos
1308 3549 1444 3621 diversa
1462 3570 1545 3644 sepe
1562 3547 1675 3640 signi·

263 3667 442 3740 licaverint
465 3680 500 3742 et
525 3669 692 3760 adversa,
712 3671 795 3764 quiu
818 3681 933 3744 tamen
959 3693 1006 3744 ex
1030 3670 1150 3744 divino
1175 3671 1300 3766 pagine
1322 3671 1509 3746 didicimus
1529 3671 1675 3744 lectione

263 3792 357 3888 quod
376 3813 445 3866 non
463 3793 557 3864 omni
574 3794 709 3889 spiritui
732 3804 784 3866 est
801 3793 1030 3886 credendum,
1049 3818 1129 3868 cum
1143 3798 1288 3889 augelus
1304 3797 1428 3868 Satane
1443 3817 1482 3868 se
1499 3795 1673 3869 interdum

263 3915 299 3986 in
324 3916 413 3988 lucis
436 3917 599 4012 angelum
614 3916 854 4012 transfiguret,
876 3941 945 3992 non
963 3920 1138 4015 potuimus
1161 3921 1251 3992 sicut
1275 3942 1344 3992 non
1358 3920 1545 3994 debuimus
1569 3921 1673 4014 quic-

299 4225 336 4300 (ΙΙ
352 4227 419 4284 Cum
432 4225 586 4284 indictionis
599 4227 679 4283 simul
698 4233 726 4284 et
744 4243 877 4285 annorum
895 4229 970 4301 regni
987 4229 1090 4285 numeri
1109 4228 1210 4302 optime
1223 4227 1399 4300 concordent,
1416 4229 1500 4302 liquet
1516 4245 1615 4286 annum
1634 4231 1674 4286 in·

263 4323 424 4382 carnationis
436 4341 511 4382 more
525 4325 681 4382 Pisanorum
701 4325 729 4382 iu
746 4325 799 4384 boc
816 4326 953 4401 privilegio
966 4327 1066 4396 notari,
1086 4333 1115 4382 et
1127 4325 1245 4384 scribam
1258 4343 1336 4383 usum
1351 4326 1433 4384 luisse
1449 4327 1500 4384 isto
1513 4327 1615 4384 calculo
1628 4329 1674 4402 qui

263 4435 360 4480 norem
379 4420 519 4480 mensibus
537 4427 565 4478 et
583 4421 679 4480 diebus
702 4429 807 4496 septem
828 4423 963 4496 vulgarem
980 4431 1099 4480 uostmm
1121 4439 1222 4480 annum
1235 4423 1418 4482 unoeoedebet.
1432 4425 1509 4494 Quod
1520 4425 1548 4482 iu
1563 4427 1676 4484 caeteris

264 4517 439 4590 sequentibus
452 4519 600 4593 privilegiis
613 4535 699 4593 nsque
712 4521 747 4578 ad
766 4521 948 4594 septembrem
961 4525 1030 4578 libb
1045 4521 1122 4578 lacile
1136 4520 1258 4593 quisquis
1269 4521 1499 4593 animadverterit,
1514 4509 1617 4580 scilicet
1627 4541 1678 4598 pcr

265 4621 350 4673 totum
372 4615 426 4674 lere
445 4622 552 4691 tempus
574 4634 628 4690 quo
649 4619 701 4676 sub
722 4619 843 4676 custodia
861 4619 1000 4676 Willielmi
1020 4619 1183 4692 l'apparcnis
1200 4619 1289 4691 junior
1307 4635 1355 4676 rex
1368 4621 1506 4680 remansit.
1517 4622 1592 4680 Tunc
1605 4623 1677 4680 enim

264 4713 354 4770 Pisani
365 4713 528 4772 maritimam
543 4713 571 4771 in
584 4715 673 4773 Sicilia
686 4716 894 4776 dominationem
908 4716 1075 4776 affectabant.

345 4813 370 4873 Ι.
1478 4829 1513 4882 1³
