4334 5980
221 551 318 610 lunico
339 548 402 625 lo]
672 543 873 606 tttstotttlt
893 543 1186 606 nttbottttttclt.
1576 541 1634 602 221

220 695 273 760 ast
299 681 541 770 exhibiturus;
565 679 639 752 suis
662 678 709 754 ad
730 699 872 774 presens
893 679 930 751 in
951 689 1120 774 quantum
1143 699 1328 776 possumus
1349 674 1558 773 respondere
1577 699 1639 751 cu·

219 811 355 907 pientes
377 803 572 900 obsequiis,
593 815 714 876 notum
738 803 884 876 lecimus
908 813 978 877 mm
1002 805 1220 900 presentibus
1241 824 1347 899 quam
1368 801 1405 874 in
1423 823 1536 886 ,ovum
1557 822 1637 874 suc·

220 932 370 1008 oessuris
381 929 478 1026 quod
491 950 554 1002 nos
568 927 681 1002 eidem
693 926 882 1000 marcbioni
900 937 935 1001 et
949 927 1137 1002 heredibus
1148 929 1222 1000 suis
1240 927 1285 1003 de
1297 937 1413 1002 nostre
1430 928 1641 1002 liberalitatis

222 1055 460 1131 munificentia
486 1051 711 1128 concedimus
737 1061 772 1126 et
795 1050 1041 1126 confirmamus
1063 1052 1214 1128 Moeram
1240 1063 1276 1126 et
1297 1053 1426 1150 Molny
1447 1053 1640 1126 cumomni

217 1185 297 1276 jure
314 1191 350 1255 et
366 1177 585 1278 pertinentiis
603 1176 693 1266 suis,
719 1177 816 1251 salvo
834 1177 975 1252 servitio
992 1176 1089 1273 quod
1107 1177 1143 1250 in
1161 1179 1257 1252 curia
1272 1188 1387 1252 nostra
1405 1179 1563 1252 debetur.
1584 1178 1641 1254 Ad

225 1307 330 1401 hujus
351 1314 468 1378 autem
493 1301 759 1376 confirmationis
789 1311 825 1376 et
849 1302 1080 1376 concessionis
1110 1313 1225 1378 nostre
1249 1304 1448 1378 memoriam
1478 1314 1513 1378 et
1534 1304 1641 1377 robur

223 1438 391 1528 perpetuo
406 1429 615 1516 valiturum,
640 1447 783 1524 presens
808 1427 1030 1524 privilegium
1046 1450 1108 1524 per
1131 1451 1256 1501 manus
1273 1429 1410 1502 llenrici
1433 1428 1479 1502 de
1499 1428 1638 1502 Parisiis

223 1553 350 1628 notarii
365 1563 401 1627 et
424 1550 539 1626 fidelis
564 1551 670 1624 nostri
689 1550 792 1624 scribi
809 1560 844 1624 at
860 1551 956 1624 bulla
974 1562 1090 1626 nostru
1107 1573 1212 1627 aurea
1226 1553 1393 1646 jussimus
1414 1553 1635 1644 communiri,

226 1699 333 1770 anno,
347 1697 467 1750 mense
482 1683 519 1749 et
532 1673 723 1748 indictione
738 1673 952 1770 subscriptis.

274 1801 387 1894 liujus
404 1799 456 1874 rei
472 1807 577 1873 testes
602 1807 685 1871 suut
706 1797 986 1896 archiepiscopus
1005 1799 1181 1892 Berensis,
1200 1800 1381 1898 opiscopus
1403 1801 1635 1894 Tridentinus,

224 1925 409 2021 episcopus
437 1922 657 2012 Basilicnsis,
685 1922 870 2020 opiscopus
903 1923 1194 2011 Constantianos,
1226 1925 1410 2022 episcopus
1442 1925 1634 2018 Cmiensis,

223 2048 335 2123 abbas
358 2047 551 2142 tingensis,
577 2047 686 2120 abbas
705 2047 820 2121 Sancti
842 2048 947 2137 Galli,
969 2047 1078 2122 abbas
1101 2049 1147 2123 de
1167 2049 1413 2146 Wisscnburg,
1433 2049 1638 2126 Bertboldus

223 2173 270 2247 de
293 2173 407 2270 Nipbe
426 2173 553 2268 regalis
574 2173 670 2246 curie
695 2174 965 2268 pmtonotarius,
987 2193 1103 2248 comcs
1126 2173 1260 2248 Uln'cus
1282 2173 1327 2249 de
1348 2175 1503 2271 Kibnrg,
1522 2197 1638 2252 comes

226 2297 431 2394 lindolphus
448 2296 495 2371 de
511 2296 695 2392 llabsburg
716 2305 751 2372 ct
772 2297 987 2392 lantgravius
1011 2298 1057 2373 dc
1077 2298 1226 2393 Alsatia,
1246 2321 1362 2374 comes
1382 2301 1582 2376 Ludovicus
1603 2314 1638 2378 et

225 2421 444 2495 Hermannus
468 2420 515 2496 dc
538 2420 713 2516 Froburg,
739 2441 855 2495 comes
873 2421 1046 2496 Walterus
1067 2421 1119 2519 (o)
1139 2423 1185 2497 de
1207 2423 1439 2522 llohsnburg,
1463 2426 1637 2503 Amoldus

228 2545 355 2619 nobilis
382 2544 428 2621 de
449 2543 587 2638 Wartb,
609 2542 815 2641 liudolphus
838 2543 1030 2620 advocatus
1055 2546 1101 2622 de
1123 2547 1424 2645 Raprctbiswilars
1442 2550 1504 2646 (b),
1524 2561 1559 2625 et
1577 2553 1635 2626 olii

224 2671 461 2767 quamplures.

274 2793 361 2868 Acta
380 2803 463 2866 snut
485 2791 551 2867 bec
571 2814 664 2868 anno
688 2793 861 2869 dominice
882 2793 1128 2868 incamntionis
1153 2795 1317 2886 blCCXll,
1345 2818 1465 2872 mense
1486 2808 1636 2896 septem-

229 2917 317 3006 bris,
337 2916 595 3013 quintadecima
618 2916 823 3010 indictione,
847 2920 944 3015 regni
965 2939 1050 2994 vero
1067 2918 1198 2994 domini
1220 2921 1326 2995 nostri
1348 2921 1512 2996 Fridcrici
1535 2923 1634 3000 illus·

227 3041 366 3114 trissimi
395 3043 630 3119 Romanorum
656 3042 870 3141 imperatoris
896 3044 995 3118 electi
1017 3053 1053 3118 et
1069 3065 1205 3142 semper
1230 3046 1389 3142 augusti,
1409 3048 1500 3143 regis
1521 3049 1636 3124 Sicilie

223 3165 495 3261 quintodecimo.

276 3291 402 3364 Datum
428 3291 466 3364 in
490 3290 598 3364 nobili
616 3291 755 3367 civitate
772 3293 965 3387 Basiliensi,
982 3315 1044 3391 per
1060 3315 1184 3368 monus
1200 3293 1305 3369 Ulrici
1321 3295 1632 3392 riccprotcnotarii,

224 3424 326 3489 sexto
343 3413 510 3492 kalendas
525 3415 688 3508 octobris,
709 3417 865 3491 feliciter.
882 3417 1005 3493 Amen.
1650 3415 1652 3420 ’

443 3761 1422 3779 mmmm-nom

279 4073 508 4182 Fridericus,
518 4075 779 4162 Romanorum
787 4078 993 4190 imperator
1005 4080 1146 4168 electus
1155 4095 1267 4170 elren
1276 4086 1439 4196 Siciliae,
1450 4089 1639 4176 Fridcrico
1691 4118 1832 4220 {3333
1987 4159 1989 4171 .

227 4208 317 4292 duci
334 4207 601 4320 Lotharingiac
618 4211 901 4324 consanguineo
919 4240 990 4300 suo
1006 4216 1081 4300 tria
1096 4217 1218 4302 millia
1234 4229 1272 4304 et
1289 4221 1471 4306 ducentas
1491 4249 1657 4324 marcas,

227 4341 377 4454 argenti
392 4367 434 4427 se
447 4341 628 4428 daturum
646 4345 851 4458 pmmittil3
868 4373 939 4457 pro
956 4375 1120 4460 quarum
1138 4351 1291 4438 duobus
1308 4353 1477 4442 millibus
1499 4369 1537 4442 et
1561 4359 1641 4446 du·

272 4557 314 4640 (a)
335 4559 386 4624 Stc
400 4579 410 4624 a
425 4579 515 4642 supra
526 4567 627 4626 antem
645 4564 813 4640 asenam,
827 4575 917 4630 recta.

273 4661 314 4740 (b)
335 4667 372 4728 ln
384 4667 536 4746 murem
552 4685 705 4750 porpmum
716 4669 977 4753 &oderem-llere.
