4432 5970
577 506 619 568 22
1039 563 1042 574 ,
1075 507 1291 574 FlllDElilGl
1317 511 1491 574 statuunt
1795 511 1874 596 [Anu
1894 510 2021 575 1199.

577 642 657 716 titer
673 641 850 736 perstitisti
862 695 874 734 ,
888 641 985 735 qnod
1002 639 1150 716 inimicis
1166 643 1265 737 regni
1281 644 1435 718 restitisti
1448 643 1593 718 viriliter
1607 651 1643 716 et
1663 663 1724 716 eos
1743 641 1849 718 etiam
1865 664 2020 738 expu-

576 767 711 862 gnasti,
739 767 933 860 gandemus
953 765 1139 861 plurimum
1159 776 1194 840 et
1217 789 1266 840 ex
1286 768 1353 842 hoo
1377 771 1491 842 future
1512 767 1706 843 devotionis
1729 775 1788 842 tne
1813 768 2018 840 sumimus

576 901 836 984 argumentum
855 899 1044 986 sperantes,
1058 891 1164 966 immo
1178 892 1281 966 etiam
1295 915 1359 989 pro
1376 901 1468 968 certo
1484 903 1639 968 tenentes
1650 891 1747 988 quod
1753 893 1827 984 jam
1842 892 2016 966 nuncin

576 1016 674 1110 regni
686 1013 829 1088 tuitione
837 1017 958 1088 lortius
970 1036 1182 1112 perseveres,
1195 1039 1276 1090 com
1289 1018 1336 1092 ad
1349 1041 1412 1091 nos
1426 1028 1542 1114 preter
1554 1018 1591 1091 id
1601 1017 1696 1111 quod
1709 1038 1854 1112 regnum
1868 1015 2014 1089 Sicilie

574 1138 687 1234 adjus
700 1139 984 1234 etproprietatem
994 1139 1145 1212 Ecclesia
1161 1141 1310 1236 pertinet
1324 1141 1522 1238 specialius,
1538 1140 1651 1238 ipsius
1667 1139 2011 1234 delensiospectare

574 1273 747 1336 noscatur.
767 1263 802 1336 si
820 1263 962 1358 quidem
981 1263 1182 1358 imperatrix
1200 1265 1355 1360 predicta
1368 1267 1561 1362 legitimum
1574 1263 1731 1338 condidit
1742 1271 2007 1337 testamentum

572 1410 644 1484 qno
665 1388 766 1462 nobis
782 1389 974 1462 charissimi
992 1389 1029 1460 in
1042 1388 1176 1462 Christo
1193 1387 1256 1461 filii
1278 1391 1385 1462 nostri
1410 1389 1573 1464 Friderici
1594 1389 1709 1462 Sicilie
1726 1389 1819 1482 regis
1843 1387 2006 1460 illustris

573 1515 713 1588 tutelam
723 1522 758 1586 et
771 1535 888 1586 onnam
898 1513 996 1608 regni
1008 1513 1192 1606 concessit,
1208 1535 1250 1586 ac
1262 1516 1482 1610 postmodum
1490 1515 1615 1588 XXVII
1627 1513 1687 1588 die
1699 1511 1829 1586 mensis
1842 1532 2002 1584 novem-

571 1638 643 1711 bris
659 1638 755 1710 viam
776 1646 828 1709 est
847 1637 1009 1710 universe
1027 1637 1142 1710 carnis
1159 1639 1325 1732 ingressa.
1345 1639 1447 1713 Unde
1465 1661 1545 1713 cnm
1564 1639 1609 1712 de
1624 1640 1769 1710 fratrum
1789 1645 2000 1710 nostrorum

573 1762 717 1835 oonsilio
733 1783 895 1855 regnum,
909 1761 1013 1836 dante
1026 1763 1184 1854 Domino,
1201 1763 1338 1857 ingredi
1354 1763 1626 1860 disposuerimus
1638 1763 1685 1836 ad
1699 1763 1814 1858 ipsum
1828 1759 1998 1834 solidan-

574 1884 659 1957 dum
677 1885 714 1956 in
729 1884 886 1976 ejusdem
904 1885 994 1979 regis
1009 1884 1174 1958 fidelitate
1186 1894 1221 1958 et
1233 1886 1399 1981 obsequio
1415 1897 1450 1960 et
1466 1886 1723 1981 tranquillitate,
1742 1907 1829 1980 pace
1847 1906 1888 1958 ac
1902 1885 1996 1976 jus-

574 2009 647 2082 titia
667 2007 960 2101 conservandum,
981 2009 1145 2082 dilectum
1162 2009 1272 2082 lilium
1292 2021 1447 2084 nostrum
1463 2013 1495 2084 l.
1522 2011 1613 2084 tituli
1634 2011 1749 2083 Sancti
1766 2008 1930 2103 Stephani
1949 2007 1993 2078 in

573 2132 666 2206 Celio
676 2141 792 2206 monte
804 2133 1044 2228 presbyterum
1059 2142 1094 2206 et
1107 2133 1148 2205 G.
1163 2134 1277 2206 Sancti
1291 2134 1455 2210 Hadriani
1471 2134 1657 2210 diaconum
1672 2133 1877 2223 cardinales,
1895 2151 1992 2224 qnos

573 2257 663 2328 inter
673 2257 793 2328 fratres
807 2265 940 2328 nostros
954 2255 1088 2330 sincero
1103 2257 1344 2353 prosequimur
1356 2257 1550 2330 dilectionis
1564 2259 1689 2330 affectu
1702 2265 1737 2329 et
1748 2253 1905 2351 specialis
1919 2253 1991 2324 be-

573 2381 769 2454 nevolentia
793 2379 943 2454 brachiis
964 2383 1218 2476 amplexamur,
1241 2391 1321 2454 ante
1344 2382 1468 2455 faciem
1487 2389 1638 2456 nostram
1655 2380 1824 2454 duximus
1838 2376 1990 2475 premit-

573 2505 698 2580 tendos
711 2506 775 2604 (l),
795 2507 909 2601 quiet
933 2507 1123 2580 adventum
1148 2517 1303 2581 nostrum
1325 2509 1555 2604 prenuncient
1573 2509 1670 2582 etde
1692 2505 1934 2590 benevolentia
1950 2511 1989 2577 et

571 2630 682 2726 gratia
692 2652 799 2726 qnam
815 2631 861 2706 ad
876 2630 1037 2704 eumdem
1053 2653 1170 2726 regem
1183 2641 1218 2706 et
1233 2655 1384 2728 regnum
1400 2634 1553 2728 gerimus
1566 2655 1630 2708 vos
1645 2633 1797 2706 efficiant
1809 2632 1983 2705 certiores.

570 2755 725 2852 Ideoque
739 2757 951 2830 nobilitatem
965 2765 1060 2829 tnam
1073 2778 1250 2851 rogamus,
1266 2779 1447 2830 monemus
1462 2767 1497 2832 et
1507 2779 1569 2854 per
1581 2758 1770 2854 apostolica
1782 2756 1844 2828 tibi
1858 2754 1986 2848 scripta

571 2881 780 2954 mandamus
800 2890 974 2975 quatenns
996 2882 1189 2956 cardinales
1214 2883 1308 2978 ipsos
1330 2891 1497 2977 tanquam
1519 2883 1650 2976 legatos
1666 2880 1864 2977 Apostolice
1886 2877 1985 2952 Sedis

570 3005 763 3100 suscipiens
782 3006 956 3078 humiliter
974 3015 1008 3079 et
1024 3008 1150 3081 devote
1164 3009 1221 3080 vel
1237 3007 1283 3081 ad
1301 3007 1394 3102 ipsos
1408 3015 1552 3081 vocatus
1566 3006 1752 3096 accedens,
1773 3027 1844 3100 qne
1859 3004 1922 3076 tibi
1938 3023 1983 3076 ex

569 3139 667 3224 parte
688 3139 804 3202 nostru
821 3128 987 3202 duxerint
1009 3131 1233 3226 proponenda
1250 3131 1426 3202 humiliter
1447 3130 1572 3203 audias
1595 3140 1630 3202 et
1656 3129 1840 3202 efficaciter
1863 3147 1981 3224 pruse-

569 3253 700 3348 quaris.
723 3251 778 3327 Ad
797 3252 1002 3348 obsequium
1020 3255 1123 3326 etiarn
1143 3265 1297 3327 nostrum
1316 3263 1350 3326 et
1366 3255 1465 3348 regni
1484 3253 1721 3328 defensionem
1742 3253 1855 3326 taliter
1870 3249 1980 3324 accin-

464 3351 469 3360 ’
571 3376 663 3470 garis
679 3385 720 3448 nt
735 3399 816 3448 cum
833 3376 1036 3450 mandatnm
1054 3387 1209 3449 nostrum
1230 3377 1277 3450 ad
1294 3386 1328 3450 te
1348 3377 1472 3450 iterum
1487 3377 1672 3467 emanarit,
1689 3377 1776 3450 nihil
1793 3385 1828 3450 te
1845 3393 1979 3471 prorsus

573 3499 726 3574 detineat
741 3500 828 3595 quin
846 3501 876 3572 si
894 3522 1035 3574 necesse
1053 3501 1157 3572 inerit
1178 3521 1241 3574 nos
1259 3502 1432 3596 sequaris,
1452 3502 1512 3574 vel
1527 3501 1574 3575 ad
1590 3501 1822 3576 resmtendum
1839 3495 1980 3572 inimicis

571 3624 673 3719 regni
686 3633 722 3698 et
733 3624 885 3698 Ecclesie
897 3626 1000 3718 juxta
1017 3623 1278 3720 dispositionem
1295 3634 1445 3700 nostram
1458 3625 1639 3722 procedas.

788 3924 1429 3940 Wffi—-h—--nn—
1451 3929 1552 3938 ,---,
1574 3929 1579 3937 Ι
1637 3929 1644 3938 Ι

624 4174 866 4262 innocentius
883 4197 984 4284 papa
1000 4171 1252 4257 familiaribus
1269 4173 1370 4282 regis
1392 4181 1528 4256 notum
1545 4171 1637 4253 facit
1662 4169 1757 4280 quid
1782 4193 1855 4278 pro
1868 4187 1977 4276 regno
2011 4273 2012 4277 Ν

606 4447 642 4519 (t)
659 4446 771 4502 meunte
784 4457 855 4500 anno
867 4440 970 4514 legatos
982 4453 1095 4511 regnum
1108 4439 1243 4512 ingressos
1254 4444 1281 4495 et
1293 4437 1406 4511 septima
1418 4436 1463 4492 die
1471 4435 1588 4508 junuarii
1600 4435 1671 4510 apud
1685 4436 1813 4494 Sanctum
1822 4433 1977 4493 Gerunmm

570 4547 704 4600 morantes
717 4540 855 4612 videmns3
870 4539 919 4596 ubi
938 4537 1031 4596 statim
1052 4535 1221 4594 llarcualdus
1238 4535 1272 4591 ad
1291 4548 1338 4590 eos
1358 4531 1521 4591 obsidendos
1538 4532 1656 4594 advenit.
1671 4532 1714 4592 Gi.
1738 4531 1869 4592 chronio.
1890 4531 1976 4590 sono

570 4655 664 4712 mooe,
675 4641 746 4696 lituo.
759 4636 790 4694 de
801 4636 833 4694 S.
847 4637 980 4695 &aarum
992 4635 1099 4694 ctGest.
1109 4634 1262 4704 Inaoeent,
1275 4645 1335 4705 cap.
1348 4629 1448 4688 XXlll.

979 5923 1001 5939 ΙΙΙ
1010 5919 1067 5932 ,ι-
1085 5911 1731 5934 r'p‘rfffflff—F‘ffl‘r*
1740 5913 1879 5928 —
1904 5915 1997 5932 ---ι.“
2005 5919 2113 5936 “aq-aff·-
