4382 5946
274 499 371 562 larum.
388 497 429 582 3.]
724 491 921 554 HISTORIA
946 487 1239 550 nlrtotlaulclt.
1622 481 1679 543 ³31

271 635 504 733 possessiones
522 655 609 727 quar
630 637 863 703 antecessores
880 629 931 701 tui
949 627 1145 702 habueruut
1161 635 1195 698 et
1211 635 1248 697 tu
1266 625 1303 696 in
1321 624 1569 720 presentiarum
1584 632 1680 698 tenes

271 761 329 834 vel
347 779 417 854 que
434 757 470 828 in
490 757 643 828 loturum
659 755 734 850 ipse
745 755 801 828 vel
817 753 942 848 aliquis
958 773 1193 825 successorum
1207 759 1345 824 tuorum
1360 753 1453 844 juste
1470 771 1511 822 ac
1526 749 1681 843 legaliter

272 883 450 978 acquirere
467 879 619 975 poteritis
641 889 676 952 et
696 879 813 952 omnia
833 899 973 974 prorsus
996 897 1067 972 que
1088 878 1145 949 vel
1168 876 1311 970 antiqua
1331 876 1388 948 vel
1410 875 1576 948 moderna
1594 875 1682 948 libe-

272 1008 389 1082 ralitas
406 1027 527 1098 regum
544 1005 599 1078 vel
617 1004 881 1100 imperatorum,
903 1001 1137 1100 munificentia
1158 1001 1352 1098 principum
1375 1001 1431 1072 vel
1446 1021 1682 1095 quorumcun-

272 1151 343 1226 que
357 1129 511 1203 fidelium
532 1130 590 1224 pia
608 1128 748 1202 devotio
766 1127 933 1201 concessit
946 1128 1004 1199 vel
1021 1147 1225 1199 concessura
1238 1135 1303 1214 est,
1325 1124 1487 1198 donando
1507 1134 1542 1197 et
1559 1123 1682 1198 coufir-

273 1253 401 1329 mando
423 1274 486 1326 nos
513 1251 734 1324 concessisse.
754 1253 803 1324 lle
821 1251 888 1324 hiis
912 1252 1028 1346 itaque
1048 1251 1209 1324 omnibus
1236 1259 1269 1322 te
1295 1249 1462 1344 imperiali
1491 1259 1625 1344 sceptro
1646 1259 1682 1324 et

272 1379 453 1454 ecclesiam
477 1387 572 1449 tuam
591 1397 652 1471 per
670 1386 703 1448 te
721 1399 910 1471 omnesque
928 1399 1142 1450 successores
1159 1385 1256 1466 tuos,
1275 1374 1364 1446 sicut
1379 1395 1454 1448 mos
1471 1383 1539 1463 est,
1557 1373 1681 1448 inves-

273 1505 391 1592 timus,
403 1523 552 1598 quorum
562 1499 713 1594 quedam
726 1501 798 1573 suis
808 1501 989 1576 vocabulis
1002 1501 1168 1574 duximus
1176 1499 1403 1596 exprimenda
1421 1525 1430 1570 r
1446 1499 1546 1572 Diam
1558 1499 1684 1572 civita-

136 1645 137 1648 ’
274 1637 341 1699 tem
353 1636 387 1699 et
399 1625 679 1700 mandamentum
690 1625 765 1716 ejus
776 1647 856 1696 cum
869 1647 933 1697 sua
945 1626 1081 1720 propria
1094 1633 1416 1714 moneta,mereato,
1428 1623 1561 1718 plateis,
1574 1624 1683 1698 furnis

275 1771 315 1822 ac
331 1750 549 1842 molendinis,
566 1759 600 1822 et
613 1747 812 1841 hujusmodi
825 1749 988 1822 omnibus
1004 1772 1073 1844 que
1087 1749 1134 1822 ad
1147 1759 1298 1822 nostram
1313 1749 1505 1844 specialiter
1521 1771 1683 1822 coronam

275 1875 445 1970 pertinere
459 1883 665 1964 noscuntur;
677 1882 817 1946 stratam
829 1873 1004 1968 publicam
1018 1875 1053 1945 iu
1066 1874 1160 1946 omni
1174 1875 1374 1970 episcopatu
1387 1884 1459 1964 tuo,
1470 1883 1554 1946 etut
1567 1875 1683 1946 nullus

257 2037 259 2040 ·
274 1997 462 2092 pedagium
478 2000 514 2070 in
529 2020 570 2071 ea
582 1999 745 2094 accipiat3
763 1997 983 2072 medietatem
998 1998 1104 2072 Crista
1113 2008 1147 2072 et
1159 1998 1393 2073 mandameuti
1406 2007 1441 2070 et
1457 1997 1604 2072 devavia
1614 1996 1680 2096 (i),

275 2123 788 2216 AugustametcastrumSancti
801 2123 957 2197 Medardi
971 2145 1050 2194 cum
1061 2123 1314 2196 mandamentis
1325 2123 1415 2213 suis,
1429 2121 1685 2216 castrumqood

275 2247 402 2322 dieitur
419 2247 600 2338 Quintum,
618 2257 653 2318 et
670 2245 839 2342 quioquid
855 2245 1050 2320 Ademarus
1065 2246 1112 2319 de
1132 2247 1293 2320 Pictaviis
1311 2247 1417 2319 habet
1433 2247 1468 2318 in
1485 2247 1683 2342 episcopatu

274 2373 392 2446 Dieusi
415 2373 657 2463 concedimus;
688 2373 872 2468 Oppegue,
897 2372 1057 2459 Mirabel,
1083 2371 1274 2465 Malignac,
1293 2373 1484 2462 lustinum,
1505 2373 1681 2465 Romeier,

275 2497 426 2570 Mentem
442 2497 618 2590 majorem,
629 2498 861 2591 llenglonem‚
877 2497 991 2569 llocha
1003 2495 1166 2588 Forchaa,
1183 2495 1413 2586 Auribellum,
1433 2499 1516 2588 Luc,
1534 2498 1682 2590 Foilans,

274 2621 415 2696 Prabois
438 2620 485 2717 (a)
508 2645 585 2694 cum
608 2623 770 2695 omnibus
794 2619 1045 2694 mandamentis
1066 2621 1158 2711 suis,
1183 2622 1310 2693 uallem
1338 2643 1409 2716 que
1436 2621 1563 2695 dicitur
1584 2625 1684 2694 Tras-

276 2748 386 2820 mcniz
400 2749 447 2843 (l)
464 2770 544 2820 cum
562 2748 634 2820 suis
652 2747 914 2838 nrrrnitionibus,
931 2745 1152 2820 medietatem
1171 2747 1339 2837 Thorane,
1361 2747 1582 2820 medietatem
1600 2749 1684 2821 Belli

276 2874 413 2959 montis,
424 2871 641 2945 medietatem
649 2870 843 2968 deLeonlc)
850 2893 929 2944 curn
943 2871 1126 2944 medietate
1135 2871 1455 2945 mandamentorum
1468 2873 1682 2962 eorumdem,

277 2998 416 3070 terciam
429 3007 559 3093 partem
567 2996 802 3071 maudameuti
812 2995 947 3071 deAix.
962 2996 1189 3070 Concedimus
1199 2996 1370 3068 etiamtibi
1380 3007 1415 3070 et
1424 2997 1534 3091 gratia
1544 2998 1593 3069 tui
1606 3019 1684 3070 suc·

277 3123 468 3196 cessoribus
482 3123 551 3196 tuis
565 3133 604 3196 ut
618 3131 767 3196 casuum
781 3123 817 3194 in
831 3123 947 3196 lllonte
958 3123 1105 3196 Pedonis
1109 3127 1210 3217 juxta
1220 3125 1378 3197 Diensem
1391 3123 1564 3196 civitatem
1578 3125 1684 3198 libere
1717 3137 1722 3148 '

277 3257 312 3320 et
324 3248 440 3342 quiete
457 3247 646 3343 possideas,
663 3257 697 3322 et
714 3257 832 3322 contra
847 3248 1016 3321 violentas
1027 3249 1218 3344 predonum
1233 3248 1468 3322 infestationes
1480 3257 1515 3321 et
1533 3248 1686 3321 insolitas

278 3373 491 3446 tirannorum
511 3375 709 3447 exactiones
725 3373 840 3470 ipsum
863 3384 1010 3446 castrum
1035 3381 1137 3469 prout
1158 3371 1306 3445 volueris
1328 3371 1490 3446 edilieare
1507 3374 1570 3445 tibi
1585 3373 1687 3446 liceat

278 3508 313 3569 et
330 3498 478 3570 munire.
495 3497 722 3571 Concedimus
738 3507 891 3594 preterea
910 3508 949 3570 ut
963 3497 1049 3569 nulli
1072 3497 1249 3570 hominurn
1265 3497 1365 3570 liceat
1386 3499 1565 3594 acquirere
1581 3499 1687 3573 leuda

277 3631 338 3694 tua
349 3631 384 3694 et
399 3623 541 3694 ecclesie
551 3631 621 3714 tue,
637 3622 705 3695 nisi
718 3623 860 3697 consilio
874 3632 909 3695 et
923 3622 1144 3718 permissione
1157 3633 1217 3694 tua
1233 3633 1267 3696 et
1280 3642 1517 3698 successorum
1532 3635 1683 3698 tuorum.

278 3749 386 3819 lmmo
399 3757 438 3820 ut
458 3747 503 3822 de
518 3756 634 3821 nostra
656 3749 856 3821 liberalitate
875 3747 1029 3843 gaudeas
1045 3749 1207 3843 speciali,
1230 3748 1453 3822 concedimus
1470 3751 1531 3822 tibi
1551 3759 1585 3823 et
1602 3771 1687 3823 snc-

279 3873 473 3945 cessoribus
500 3873 569 3944 tuis
593 3883 632 3943 ut
659 3873 694 3944 in
723 3883 793 3946 toto
816 3895 933 3948 meuse
958 3873 1099 3966 augusti
1122 3874 1158 3946 in
1182 3874 1299 3947 Dieusi
1319 3875 1458 3948 civitate
1478 3876 1563 3947 nulli
1586 3875 1686 3948 liceat

277 3997 402 4068 viuum
419 3995 585 4086 vendere,
601 3997 668 4069 nisi
684 3997 746 4069 tibi
767 3999 831 4071 soli
848 4009 883 4070 et
897 3998 1154 4071 successoribus
1170 4000 1240 4072 tois
1255 4000 1309 4074 vel
1326 4000 1375 4072 illi
1392 4000 1449 4072 cui
1465 3998 1686 4074 mandaveris

278 4120 554 4195 distrahendum.
579 4120 807 4194 Concedimus
827 4123 930 4195 etiam
956 4133 996 4195 ut
1026 4124 1343 4219 quocienscumque
1364 4145 1428 4220 pro
1455 4125 1599 4197 utilitate
1625 4133 1685 4197 tua

278 4255 313 4318 et
333 4247 478 4320 ecclesie
499 4257 558 4320 tue
576 4245 623 4320 ad
641 4257 792 4320 nostram
811 4248 1018 4343 presentiam
1039 4247 1235 4339 accesseris,
1254 4259 1290 4320 tu
1307 4250 1363 4322 vel
1386 4269 1601 4322 successores
1617 4252 1682 4343 tui,

320 4449 362 4530 (o)
385 4453 420 4513 ln
434 4453 588 4532 prlvlleglo
601 4453 744 4516 Frlderlol
753 4454 769 4514 1
779 4453 887 4514 lbldem
901 4456 1027 4527 inserto,
1041 4453 1149 4532 legitur
1161 4449 1269 4514 Folllar
1280 4486 1320 4497 —
1329 4451 1480 4516 Praedot’t.

320 4555 361 4637 (l)
381 4559 495 4621 Ibidem
507 4559 695 4624 frumentea

321 4661 357 4743 (ι)
379 4665 492 4728 runem
505 4665 540 4728 ce
554 4667 621 4728 ceo.
