4382 5946
511 527 573 589 348
1013 537 1226 602 nntnnntcr
1252 539 1424 601 secono!
1732 535 1812 614 [Aru.
1831 537 1916 602 rste.

511 663 705 762 Apostolice
733 669 887 760 legatus,
918 671 1149 746 Theodoricns
1178 673 1390 748 Trevirensis
1421 671 1715 767 archiepiscopus,
1744 673 1919 748 Amndens

510 789 762 863 Bizuntinensis
775 791 1073 890 archiepiscopus,
1091 795 1269 869 Conrndus
1283 793 1443 868 Metensis
1454 803 1490 867 et
1507 793 1678 890 Spirensis
1690 795 1872 895 episcopus
1884 807 1919 870 ot

511 914 697 1008 imperialis
727 917 807 988 nnle
830 919 1070 1010 concellarius,
1093 921 1171 993 Otto
1190 917 1476 1014 wirtzburgensis
1504 919 1703 1014 episcopus,
1729 918 1919 992 Otbecnros

510 1061 571 1111 rex
588 1040 767 1131 Bobemie,
784 1041 982 1115 Lndovicns
1004 1042 1081 1116 dux
1104 1045 1265 1133 annrio,
1284 1043 1480 1140 Leopoidus
1497 1043 1574 1116 dux
1589 1043 1741 1135 Austris,
1761 1043 1917 1118 Tboodo-

509 1163 600 1234 ricns
624 1163 775 1237 marchie
799 1166 982 1240 Misnensis
1007 1177 1043 1240 et
1064 1167 1245 1240 Orientniis
1264 1168 1434 1256 marchio,
1457 1167 1674 1240 Theobnidus
1696 1167 1772 1240 dux
1792 1167 1915 1242 lotbo-

507 1287 637 1380 ringie,
652 1288 730 1360 Otto
748 1287 824 1360 dux
842 1288 887 1361 de
903 1291 1036 1378 Moron,
1056 1290 1216 1364 Aibertos
1232 1313 1347 1364 oomes
1363 1291 1409 1364 de
1421 1292 1613 1364 Eberstein.

555 1413 680 1484 Datum
699 1414 793 1506 opud
808 1413 947 1505 Menios,
966 1435 1057 1486 enno
1075 1414 1247 1488 dominice
1264 1415 1508 1488 incarnationis
1520 1415 1713 1506 noemin,
1728 1417 1915 1492 indictione

505 1660 692 1756 imperialis
707 1662 786 1734 eule
801 1661 1005 1736 mnoettarii.

919 2023 935 2030 ..
959 2023 1550 2032 .-.---..·-———--—----—-.-......--.-
1570 2027 1631 2034 ---..
1645 2026 1678 2034 ..-

559 2369 781 2474 Comedus,
803 2367 991 2477 Spirensis
1022 2379 1058 2448 et
1084 2367 1258 2451 Metensis
1275 2369 1494 2478 episcopm,
1514 2372 1713 2454 confirmat
1726 2372 1913 2482 judicium

502 2501 622 2584 lotum
650 2527 673 2582 o
701 2501 930 2584 Theoderico
957 2501 1237 2610 archiepiscopo
1265 2502 1474 2584 Trevirensi
1506 2514 1543 2586 et
1573 2505 1791 2590 Theobnldo
1817 2509 1914 2591 duco

501 2633 792 2743 Lothsringise,
812 2659 941 2716 coram
966 2635 1175 2741 Friderioo,
1196 2635 1454 2718 Romanorum
1483 2638 1591 2748 rege,
1614 2640 1662 2720 de
1688 2640 1862 2724 theloneo
1889 2669 1913 2723 s
2026 2694 2028 2702 ·

501 2767 777 2850 mercatoribus
803 2767 898 2877 Hoyi
926 2767 1126 2872 solvend03
1147 2769 1252 2876 qnod
1278 2768 1434 2878 quidem
1461 2769 1649 2878 judicium
1676 2799 1741 2855 rex
1768 2774 1849 2882 ipse
1874 2785 1912 2856 et

501 2897 646 2981 scabini
665 2898 847 2982 Metenses
865 2899 999 2981 eodem
1012 2899 1074 2981 die
1091 2899 1331 2983 confirmant.

582 3163 681 3244 (nnn.
698 3165 1275 3252 Mrunmr,11trt.dototq.doteqt.da
1288 3169 1386 3251 Meta,
1399 3188 1427 3249 p.
1442 3180 1596 3247 tte-⁴⁴83
1610 3172 1697 3248 Metz,
1715 3176 1816 3252 rtet.)

549 3407 744 3499 Conmdus,
764 3411 826 3484 Dei
845 3411 954 3506 grstia
971 3412 1133 3484 Mctensis
1151 3413 1349 3508 episcopus,
1367 3413 1552 3510 imperialis
1570 3415 1649 3486 onte
1670 3415 1906 3488 concellarius.

503 3533 681 3607 Universis
697 3535 742 3610 ad
760 3557 907 3630 quornm
929 3536 1084 3608 notitiem
1103 3546 1277 3632 presentes
1297 3537 1408 3612 littere
1428 3539 1664 3634 pervenerint,
1685 3548 1816 3612 cenum
1833 3537 1906 3612 fiori

500 3657 661 3728 volumus
679 3659 774 3752 qnod
792 3659 894 3732 nobis
914 3658 1107 3734 incivitate
1132 3669 1247 3736 nostre
1270 3663 1415 3736 Motensi
1435 3685 1514 3736 cnm
1537 3661 1680 3736 domino
1702 3673 1818 3736 nostro
1838 3663 1909 3734 Fri-

501 3779 618 3852 derioo
640 3780 764 3852 illustri
786 3784 1016 3856 Romanorum
1038 3805 1118 3878 rege
1144 3786 1425 3878 consistentibus,
1449 3789 1627 3881 conquesti
1650 3797 1730 3859 sunt
1751 3787 1907 3860 cononici

500 3903 640 3996 majoris
665 3905 809 3978 ecclesis
826 3907 989 3980 Metensis
1006 3917 1040 3980 et
1057 3907 1174 3981 Simon
1198 3909 1388 3984 advocatus
1411 3910 1455 3984 de
1478 3909 1687 4006 quibusdem
1709 3911 1906 3984 bominibus

535 4217 571 4290 (t)
590 4217 670 4276 Deest
683 4219 710 4275 in
724 4219 848 4276 omnibus
869 4218 970 4277 notatio
987 4218 1096 4276 mensis.
1108 4217 1220 4274 Indictio
1233 4223 1323 4275 umen
1342 4218 1475 4289 secundo,
1487 4233 1557 4291 quus
1570 4223 1601 4274 ut
1615 4218 1727 4276 Ceseren
1746 4217 1826 4276 tertis
1845 4233 1906 4275 esse

499 4314 860 4390 deberet,pnntificnlisnunc
869 4315 993 4374 habendo
1001 4323 1086 4388 cst,et
1097 4315 1148 4373 boc
1159 4331 1241 4373 conss
1250 4315 1277 4371 in
1286 4331 1378 4374 mense
1386 4315 1531 4386 decembri,
1541 4332 1595 4374 non
1607 4315 1635 4370 in
1642 4315 1763 4388 januario
1771 4315 1903 4388 sequenti,

498 4411 687 4470 documentum
705 4415 887 4488 reponendum
898 4414 1076 4483 demonstret,
1091 4429 1160 4470 snno
1173 4413 1361 4470 incarnationis
1380 4429 1520 4488 perperam
1538 4429 1589 4486 pro
1607 4428 1678 4470 enno
1694 4412 1837 4470 mnrium
1855 4427 1904 4468 ex-

498 4524 602 4584 presso.
614 4509 752 4567 Comedus
762 4511 888 4568 Metensis
898 4511 1040 4585 episcopus
1053 4527 1107 4567 uns
1119 4525 1181 4568 cum
1194 4525 1256 4583 rege
1274 4510 1406 4568 Friderico
1415 4511 1471 4584 jsm
1491 4510 1562 4584 opud
1580 4509 1676 4568 Metios
1687 4509 1795 4578 oderat,
1809 4507 1852 4565 die
1864 4508 1905 4564 vi-

498 4605 599 4664 cesimo
617 4607 768 4666 decembris
785 4610 870 4676 rsit,
885 4613 957 4666 utox
968 4609 1144 4667 instrumento
1156 4607 1332 4682 pmecsomte
1344 4607 1415 4666 ciere
1427 4607 1520 4683 liquet.
