4356 5948
554 535 611 599 136
1056 531 1272 594 Flllllllllllll
1296 531 1471 596 ssctlbbt
1776 535 1859 616 [buu.
1879 538 1965 602 ml.

553 675 622 748 lem
639 679 806 762 nostrum,
823 679 858 744 et
873 670 993 744 iratres
1009 669 1165 764 ejusdem
1183 673 1363 767 processit,
1379 671 1580 767 diligentins
1597 671 1812 748 attendentes
1823 675 1963 770 quodsi

554 797 785 872 controversia
809 796 886 892 ipsa
907 795 1045 890 longius
1063 793 1270 883 differretur,
1292 795 1402 892 ipsius
1426 796 1570 870 ecclesie
1591 805 1701 870 status
1725 798 1783 870 cni
1804 820 1876 873 non
1898 821 1967 873 mo·

555 925 673 999 dicum
691 921 822 994 malitia
838 941 1040 1014 guerrarum
1053 929 1090 992 et
1104 919 1267 1016 temporis
1282 919 1497 1016 dignoscitur
1511 921 1683 1009 atteniaco,
1702 932 1818 1018 pofflt
1833 923 1966 997 facilius

556 1047 724 1144 gravioris
745 1044 919 1142 dispendii
937 1053 1144 1119 nocumenta
1161 1044 1307 1136 sentire;
1324 1043 1371 1118 de
1384 1054 1550 1120 consueta
1568 1045 1780 1141 benignitate
1798 1048 1896 1143 regia
1922 1047 1965 1124 ad

523 1191 527 1198 ·
556 1173 758 1269 sopiendam
774 1169 983 1244 discordiam
999 1169 1113 1266 ipsam
1137 1177 1251 1243 nostra
1267 1191 1305 1244 se
1323 1169 1526 1244 clementius
1549 1179 1700 1267 potestas
1723 1173 1848 1265 erexit,
1864 1183 1898 1246 et
1919 1173 1967 1245 in·

555 1298 682 1394 spectis
698 1295 857 1391 capitulis
883 1315 954 1389 que
977 1294 1201 1390 interipsum
1221 1295 1455 1370 uenerabilem
1475 1295 1772 1394 archiepiscopum
1791 1307 1828 1370 et
1852 1300 1967 1372 iratres

554 1421 776 1496 dissentionis
798 1420 952 1494 tomitem
969 1418 1229 1512 ministrabant,
1251 1441 1321 1494 non
1338 1419 1414 1494 sine
1430 1419 1546 1495 studio
1563 1419 1681 1494 dilecti
1699 1421 1736 1493 in
1754 1419 1889 1496 Christo
1906 1445 1967 1519 pn·

555 1547 617 1620 tris
643 1544 776 1620 domini
798 1543 941 1618 Gerurdi
968 1543 1076 1617 sancti
1107 1543 1253 1616 Adriani
1277 1543 1487 1618 venerabilis
1510 1543 1694 1618 cardinalis
1719 1553 1755 1619 ct
1777 1543 1967 1642 Apostolicc

555 1669 655 1744 Sedis
672 1668 778 1765 legati
796 1666 864 1764 (l),
885 1666 931 1740 dc
949 1667 1256 1763 utriusquepartis
1279 1688 1448 1741 consensu
1465 1667 1512 1742 ad
1526 1667 1617 1742 banc
1638 1689 1699 1742 eos
1721 1669 1867 1742 tacimus
1884 1691 1966 1744 con·

558 1794 709 1867 cordiam
729 1791 893 1866 devenire
905 1818 914 1863 ι
926 1792 1091 1866 videlicet
1109 1803 1147 1864 ut
1164 1813 1284 1865 omnes
1299 1791 1457 1866 redditus
1470 1793 1603 1868 collecti
1616 1805 1652 1868 et
1665 1793 1702 1866 in
1721 1795 1871 1868 claustro
1888 1817 1965 1868 con·

557 1918 690 2012 gregati
708 1915 912 1991 dividantur
929 1938 992 2013 per
1008 1916 1163 1990 medium
1181 1925 1216 1990 et
1232 1937 1387 2012 expense
1405 1916 1489 1992 liant
1512 1917 1558 1992 de
1580 1917 1774 2010 commani3
1796 1928 1837 1990 ut
1859 1919 1968 1993 arcbi-

556 2042 742 2138 episcopus
759 2051 866 2140 ponat
884 2041 983 2114 illum
1000 2041 1062 2137 qni
1081 2041 1296 2116 ordinandus
1313 2051 1365 2116 est
1385 2064 1490 2140 super
1511 2043 1667 2140 portione
1682 2053 1874 2118 conventus
1892 2065 1971 2118 cum

557 2147 735 2240 communi
762 2169 939 2242 voluntate
962 2167 1119 2240 omnium
1143 2169 1305 2260 lratrum;
1333 2175 1372 2240 nt
1397 2167 1589 2264 capitulum
1610 2181 1750 2264 regatur
1776 2169 1966 2260 secuudum

557 2291 776 2382 charitatem,
791 2314 860 2365 non
877 2291 1017 2384 odium
1036 2301 1071 2365 et
1088 2301 1171 2364 tnnc
1188 2291 1362 2386 eligantur
1378 2291 1450 2366 duo
1463 2293 1526 2387 qui
1542 2293 1625 2367 deut
1642 2293 1836 2368 secundum
1859 2294 1967 2366 ebari-

556 2426 660 2491 tatem
677 2417 877 2513 disciplinas
890 2417 1080 2510 judicatam
1103 2427 1143 2489 ut
1166 2418 1398 2512 possessiones
1414 2417 1558 2491 ecclesie
1575 2427 1762 2492 tractentur
1779 2419 1970 2494 secuudum

556 2542 712 2616 ordinem
726 2563 788 2637 per
801 2563 926 2614 manus
943 2542 1208 2632 monachorum,
1227 2551 1267 2614 ut
1282 2563 1403 2615 omnes
1414 2542 1648 2638 possessiones
1659 2541 1814 2618 indebite
1826 2543 1968 2618 alienate

556 2675 781 2754 revocantum
809 2675 850 2738 ut
877 2666 1002 2741 babeat
1028 2668 1254 2741 camerarium
1284 2665 1493 2740 monachum
1519 2667 1581 2763 qui
1609 2667 1696 2741 sciat
1722 2671 1812 2743 facta
1840 2691 1969 2744 camere

558 2801 696 2890 propter
713 2791 904 2866 humanum
923 2787 1061 2884 casum;
1078 2801 1119 2865 ut
1137 2793 1415 2890 archiepiscopus
1433 2815 1503 2867 non
1519 2794 1645 2868 alienet
1663 2794 1721 2868 vel
1744 2793 1912 2868 distrabat
1928 2795 1970 2869 du

559 2917 664 2990 rebus
681 2915 826 2990 ecclesie
842 2917 919 2990 eine
936 2916 1111 2990 communi
1129 2918 1308 2992 voluntate
1322 2926 1533 3011 conventus,
1556 2927 1597 2991 nt
1614 2918 1749 3016 quesita
1767 2919 1970 3000 certitudine

562 3039 608 3114 ab
624 3041 749 3114 abbate
766 3040 928 3114 Curensis
944 3041 1160 3133 monasterii,
1180 3041 1269 3114 sicut
1288 3040 1337 3114 ibi
1355 3043 1553 3116 ordinatum
1566 3051 1619 3116 est
1636 3043 1681 3117 de
1694 3043 1905 3137 carceribus,
1924 3043 1971 3116 sic

562 3163 641 3257 lint3
664 3174 704 3237 nt
727 3186 797 3238 non
820 3165 963 3262 recipiat
987 3165 1135 3238 novitios
1156 3165 1224 3237 nisi
1248 3187 1296 3238 cx
1318 3187 1489 3242 consensu
1511 3169 1654 3240 fratrum
1674 3175 1710 3240 et
1727 3177 1882 3264 receptos
1905 3189 1969 3241 non

560 3291 676 3385 ejiciat
690 3291 766 3364 siue
779 3289 932 3384 judicio;
953 3299 993 3363 ut
1013 3291 1172 3364 monachi
1196 3312 1265 3364 non
1279 3291 1480 3385 judicentur
1492 3315 1555 3390 per
1572 3315 1697 3367 manus
1712 3293 1896 3385 laicorum,
1912 3291 1971 3368 sed

561 3415 826 3500 monachorum
844 3425 883 3488 nt
901 3415 1058 3512 deposita
1081 3435 1151 3510 qne
1168 3412 1257 3487 finnt
1275 3415 1414 3490 duobus
1433 3417 1491 3492 vel
1512 3417 1623 3491 uibus
1640 3419 1801 3492 tratribus
1820 3421 1970 3494 revelen-

564 3546 633 3629 tur,
657 3540 739 3612 etsi
758 3539 886 3614 debent
899 3537 1046 3634 deponi,
1065 3537 1283 3635 deponantur
1303 3561 1383 3613 cum
1401 3561 1571 3615 consensu
1593 3551 1785 3618 conventus
1797 3545 1856 3618 vel
1872 3545 1970 3618 trium

565 3659 611 3734 de
625 3673 815 3752 conventu3
834 3673 873 3736 ut
887 3663 916 3735 si
931 3663 1244 3738 excommunicatio
1257 3663 1331 3738 lieri
1347 3664 1452 3739 debet
1464 3665 1511 3741 dc
1525 3667 1715 3760 monachis,
1731 3669 1901 3763 generalis
1917 3667 1972 3742 liat

563 3807 645 3857 curn
659 3785 792 3877 judicio
808 3795 843 3860 ct
855 3789 998 3861 consilio
1014 3797 1218 3880 conventus,
1237 3789 1314 3864 etsi
1332 3791 1529 3886 singularis,
1544 3791 1641 3889 prins
1654 3791 1811 3866 liuttrina
1824 3793 1971 3868 admoni-

565 3911 625 3982 tio.
634 3910 703 3981 Nos
713 3919 829 3982 autem
844 3911 1075 4006 supradictam
1088 3913 1308 3987 concordiam
1323 3913 1368 3990 de
1380 3915 1594 4011 benignitate
1607 3918 1703 4012 regia
1717 3915 1967 4004 confirmantes,

565 4055 642 4107 eam
659 4035 810 4108 inantea
827 4054 874 4106 ex
891 4043 1036 4130 utraque
1054 4047 1150 4130 parte
1173 4035 1315 4110 firmiter
1329 4039 1507 4113 observari
1525 4041 1749 4133 mandamus,
1767 4043 1923 4116 volentes
1936 4053 1973 4114 nt

562 4159 682 4232 nullus
698 4181 775 4232 eam
797 4161 1012 4255 conlringere
1033 4163 1089 4235 vel
1113 4161 1309 4237 disturbare
1323 4171 1510 4260 presumat.
1527 4165 1584 4239 Ad
1602 4167 1702 4260 cnjus
1724 4175 1841 4242 nostre
1858 4165 1976 4242 contir-

603 4467 639 4541 (l)
659 4467 794 4541 Sequitur,
802 4469 867 4528 ibid.
876 4487 904 4546 p.
916 4472 1083 4546 t499,hujns
1094 4471 1243 4530 discordiae
1255 4472 1408 4533 reformatio
1419 4474 1541 4535 ordinata
1553 4475 1588 4535 ab
1602 4477 1654 4536 boc
1662 4479 1797 4539 cardinale
1809 4481 1856 4556 qui
1868 4497 1898 4540 se
1908 4496 1969 4555 quo·
2058 4443 2066 4458 ·

565 4581 622 4637 quc
635 4566 830 4626 intitulatzolcc
838 4569 1017 4645 dominianus
1028 4571 1107 4643 regui
1115 4570 1214 4628 Sicilie
1224 4570 1440 4645 teyntunttotac
1451 4581 1542 4633 autem
1552 4575 1754 4652 chronologicae
1765 4580 1874 4638 suntita
1884 4598 1891 4636 ι
1901 4600 1914 4634 ι
1924 4581 1971 4635 Da

566 4667 628 4719 turn
641 4665 764 4722 Panormi
774 4711 782 4739 ,
793 4667 887 4742 liulii,
901 4668 941 4726 xl
953 4667 1115 4742 indictione,
1125 4667 1280 4728 lllOEVlll.»
