4334 5980
545 567 603 630 181
1039 565 1253 627 unlosntcl
1279 567 1454 630 suctum
1769 567 1850 647 [Aru.
1870 567 1957 632 1211.

545 703 732 774 Jndecrum
757 711 792 773 et
817 699 974 772 redditus
1000 699 1107 794 ipsius
1132 701 1237 775 tincta
1262 703 1540 799 archiepiscopus
1564 723 1644 775 cum
1673 703 1758 798 ipsis
1783 703 1957 777 canonicis

545 827 792 900 Panormitauis
810 835 941 898 lantum
957 847 1092 920 semper
1110 823 1257 919 dividat,
1268 850 1347 900 cum
1364 829 1493 922 quibus
1507 850 1629 901 omues
1647 827 1733 900 alios
1752 828 1884 900 reditus
1898 851 1956 901 ca·

546 953 712 1024 bellarum
731 951 868 1024 dohane
887 961 1002 1026 nostre
1023 953 1133 1047 ipsius
1147 953 1295 1026 civitatis
1311 954 1468 1026 Panormi
1488 953 1660 1048 adipsum
1675 953 1855 1026 ecclesiam
1875 975 1957 1048 per-

544 1078 690 1148 tinentes
708 1076 866 1148 dividere
887 1078 1078 1148 consuevit.
1097 1077 1142 1148 Ut
1164 1077 1280 1168 igitur,
1305 1088 1342 1150 tu
1365 1077 1517 1170 predicte
1531 1080 1655 1167 electe,
1673 1087 1708 1150 et
1723 1099 1786 1150 vos
1802 1079 1954 1150 canonici

549 1201 778 1273 Panormitani
797 1210 832 1272 et
850 1201 993 1274 ecclesia
1010 1210 1124 1274 vestra
1142 1222 1183 1274 ac
1200 1223 1415 1276 successores
1433 1203 1538 1276 vestri
1557 1202 1739 1275 collatione
1757 1201 1955 1293 hujusmodi

544 1327 743 1419 gaudeatis,
765 1335 799 1398 et
817 1347 958 1420 presens
973 1337 1089 1400 nostre
1113 1327 1249 1422 pietatis
1268 1327 1407 1400 donatio
1425 1327 1523 1399 firma
1548 1327 1584 1398 iu
1605 1336 1809 1422 perpetuum
1829 1335 1864 1398 et
1886 1326 1955 1396 illi-

544 1449 622 1522 bata
641 1451 816 1544 persistat,
836 1451 954 1522 nevel
973 1452 1137 1523 molestiis
1156 1453 1209 1524 vel
1230 1452 1488 1545 fatigationibus
1507 1451 1581 1524 fieri
1597 1451 1717 1546 possit,
1737 1449 1832 1544 quod
1851 1449 1952 1540 absit,

544 1575 661 1668 aliquo
680 1583 833 1668 ternpore
849 1573 1017 1664 recidiva,
1039 1596 1179 1669 presens
1199 1585 1314 1648 nostre
1331 1577 1519 1669 majestatis
1537 1574 1759 1669 privilegium
1778 1573 1885 1645 divali
1906 1571 1956 1668 (α)

544 1711 660 1770 nostra
688 1701 863 1770 sanctione
894 1698 1064 1770 firmatum
1096 1721 1156 1792 per
1179 1722 1303 1772 manus
1331 1700 1469 1772 Aldoini
1502 1699 1625 1771 notarii
1650 1708 1684 1770 et
1710 1697 1822 1770 fidelis
1848 1697 1954 1768 nostri

545 1824 648 1894 scribi
671 1834 704 1894 et
726 1823 838 1915 sigillo
860 1833 976 1896 nostro
996 1824 1164 1914 jussimus
1190 1824 1412 1916 communiri,
1434 1845 1543 1914 anuo,
1565 1845 1684 1896 meuse
1706 1833 1742 1896 et
1767 1821 1955 1894 indictione

548 1948 761 2043 subscriptis.
1934 2026 1936 2030 ,

598 2074 681 2143 Data
696 2072 730 2142 iu
745 2071 832 2144 urbe
846 2073 934 2144 felici
951 2073 1121 2160 Panormi,
1141 2093 1233 2144 auno
1245 2071 1419 2144 dominica
1432 2071 1677 2144 incarnationis
1691 2068 1955 2150 MCGX‚,1nense

546 2197 714 2288 J'anuarii,
734 2198 810 2267 XIV
830 2195 1047 2288 indictionis,
1068 2197 1165 2291 regui
1184 2217 1268 2268 voro
1287 2195 1418 2268 domini
1436 2195 1599 2268 Friderici
1620 2195 1682 2266 Dei
1702 2193 1812 2286 gratia
1830 2191 1955 2285 glorio·

548 2321 674 2391 sissimi
701 2321 792 2414 regis
820 2321 951 2412 Sicilie,
981 2321 1128 2394 ducatus
1152 2320 1279 2416 Apulle
1300 2331 1335 2393 et
1361 2321 1573 2416 principatus
1600 2319 1717 2414 Capua
1740 2337 1833 2390 auno
1856 2316 1953 2403 xlll,

546 2444 697 2516 feliciter.
721 2445 842 2518 Amen.

791 2741 1744 2758 ww

392 3041 496 3134 ⁹3¹3?st
596 3034 808 3116 Fridericus
831 3059 897 3116 rex
921 3031 1068 3115 Siciliae
1086 3030 1184 3114 Caro
1202 3027 1483 3136 archiepiscopo
1507 3023 1643 3110 Montis
1661 3019 1812 3131 Regalis
1830 3019 1953 3104 iami-

541 3167 626 3249 liari
636 3193 706 3250 suo
714 3167 906 3249 licentiam
923 3165 1096 3248 concedit
1107 3163 1279 3272 capiendi
1294 3162 1334 3243 iu
1348 3157 1520 3269 personis
1532 3167 1570 3240 et
1583 3155 1694 3240 bonis
1708 3155 1950 3259 Sarracenos,

541 3305 607 3412 qui
626 3303 804 3384 ecclesiae
821 3300 904 3409 ejus
922 3299 1172 3409 obligationes
1190 3297 1331 3408 quibus
1348 3301 1525 3376 tenentur
1543 3289 1814 3375 contumaciter
1831 3289 1954 3371 dene·

540 3449 655 3544 gant,
675 3445 713 3517 et
730 3461 794 3518 eos
812 3432 1062 3541 compellendi
1089 3443 1169 3512 tam
1197 3429 1298 3538 apud
1325 3429 1558 3511 Panormum
1581 3449 1696 3534 quam
1720 3421 1952 3532 ubicumque

540 3571 641 3676 ipsos
660 3581 828 3677 receptos
847 3567 1043 3650 invenerit.

621 3787 782 3857 (Memorat.
794 3799 843 3861 sp.
858 3784 1023 3854 Boanum,
1039 3781 1151 3861 degeat.
1166 3782 1280 3860 inopen,
1295 3795 1323 3856 p.
1345 3785 1392 3850 oa,
1406 3787 1438 3838 n⁰
1452 3785 1502 3848 aa,
1516 3791 1556 3836 ex
1568 3775 1652 3851 copia
1665 3789 1683 3834 a
1697 3772 1882 3834 Bethmanno
1895 3786 1948 3830 ex-

658 3897 752 3950 tracto
771 3893 803 3950 ln
827 3890 899 3950 Cod.
915 3889 1059 3950 Vatlcauo
1086 3897 1171 3950 ³880.
1186 3920 1226 3932 -
1240 3885 1286 3948 Cl.
1306 3885 1465 3954 Tanaum,
1481 3879 1588 3944 Elcnco
1608 3879 1655 3940 dci
1674 3877 1796 3960 diplomi
1814 3875 1846 3937 dt
1864 3877 1950 3936 Mon-

658 3995 745 4070 recla,
760 4004 828 4070 etc,
843 4005 877 4055 ιι·
893 4005 962 4068 171,
979 4001 1008 4054 at
1020 3995 1137 4068 Tusrn,
1154 3993 1277 4075 Ruptum·
1290 4009 1347 4072 per
1365 3993 1412 4050 cut
1432 3987 1597 4050 dimostrusr'
1618 3983 1648 4047 lu
1665 3987 1843 4048 rcritturu...
1862 3999 1950 4044 merc

657 4102 802 4184 apocrffu,
817 4109 883 4176 etc,
894 4111 926 4163 n⁰
942 4103 999 4180 34.)

586 4297 711 4367 Datum
730 4293 907 4384 Panormi,
926 4292 988 4366 XV
1002 4289 1169 4384 januarii,
1191 4287 1268 4359 XIV
1287 4281 1499 4358 indictionis.

578 4472 616 4550 (a)
639 4474 673 4534 In
686 4473 835 4550 impressis
850 4465 960 4545 ducali,
976 4469 1076 4530 miuus
1088 4472 1178 4528 recte.
