4382 5946
242 573 340 634 lunser.
356 569 401 646 2]
695 562 892 626 HISTORIA
915 560 1207 624 ulruounrrcs

297 1114 530 1219 Fridericus,
549 1113 809 1196 Romanorum
827 1137 912 1217 rex,
933 1111 1129 1193 ecclesiam
1149 1112 1430 1195 Caesariensem
1449 1112 1654 1222 (Kaisers-
1695 1121 1850 1220 ,affl

244 1248 386 1358 heim),
407 1246 551 1329 ordinis
571 1245 844 1347 Cisterciensis,
861 1244 901 1324 in
919 1245 1188 1352 protectionem
1202 1271 1312 1326 suam
1331 1244 1487 1353 suscipit
1500 1254 1537 1327 et
1552 1253 1654 1326 ratas

245 1381 361 1464 habet
377 1381 600 1462 donationes
618 1403 715 1488 quas
732 1376 995 1459 ministeriales
1015 1377 1072 1460 sui
1090 1377 1181 1460 illuc
1194 1377 1316 1460 lacere
1332 1377 1533 1460 voluerint.

328 1598 422 1674 (Edit.
441 1599 474 1658 ln
491 1596 607 1670 Lucra,
625 1591 758 1676 Spicr'lcq.
776 1591 880 1670 eccla,
894 1611 962 1671 pars
979 1594 1040 1666 111,
1055 1611 1087 1672 p.
1104 1603 1173 1668 328,
1187 1604 1220 1656 n⁰
1238 1603 1269 1655 4.
1285 1626 1326 1638 -
1340 1595 1377 1655 In
1389 1592 1562 1656 Deductionc
1581 1595 1656 1656 Kai-

367 1702 520 1784 anamim,
534 1719 605 1765 ann.
619 1711 707 1780 1610,
719 1719 751 1780 p.
765 1711 819 1788 21,
830 1711 864 1762 u⁰
878 1709 959 1762 4.-
976 1701 1032 1780 Ap.
1052 1701 1183 1763 Monam.
1197 1699 1295 1778 Boion,
1315 1707 1389 1764 tom.
1409 1703 1526 1777 XXXI,
1544 1719 1613 1782 pars
1626 1703 1659 1778 Ι,

369 1829 401 1890 p.
418 1809 503 1890 rsa.)

305 1999 500 2074 Fridericns
519 1999 581 2072 Dei
600 1998 710 2093 gratia
727 1999 957 2071 Romanorum
976 2019 1059 2090 rex,
1080 2019 1216 2094 semper
1233 2007 1420 2092 augustus,
1441 2019 1506 2070 rex
1523 1997 1657 2087 Sicilie,

251 2125 424 2198 universis
438 2123 599 2199 fidelibus
615 2123 737 2196 Christi
752 2123 909 2196 salutem.
927 2123 1012 2196 Cum
1027 2145 1074 2196 ex
1088 2121 1206 2196 debito
1223 2123 1318 2217 regie
1336 2121 1514 2217 dignitatis
1528 2125 1660 2196 cunctis

248 2250 344 2342 justa
361 2257 395 2322 et
411 2248 626 2321 rationabilia
641 2247 836 2343 petentibus
849 2249 945 2343 pium
960 2247 1103 2342 prebere
1117 2245 1306 2320 debeamus
1321 2247 1493 2340 auditum,
1509 2249 1663 2320 maxime

253 2383 367 2447 tamen
388 2373 499 2447 servis
522 2373 585 2446 Dei
609 2381 643 2445 et
664 2372 860 2466 religiosam
882 2372 989 2444 vitam
1008 2371 1214 2466 eligentibus
1233 2373 1413 2445 clementie
1431 2381 1546 2446 nostre
1564 2371 1664 2446 decet

253 2497 376 2570 adesse
394 2497 596 2592 presidium.
618 2497 805 2592 Eapropter
821 2505 941 2568 notum
960 2495 1106 2569 iacimus
1124 2495 1295 2570 universis
1313 2496 1409 2591 quod
1427 2497 1583 2590 vestigiis
1600 2519 1664 2592 pa·

255 2629 391 2694 rentum
417 2631 610 2694 nostrorum
627 2621 687 2716 qui
710 2619 867 2694 ordinem
888 2619 1154 2716 cysterciensem
1171 2621 1365 2716 specialiter
1383 2620 1536 2693 dilexere
1561 2621 1665 2694 inhe-

255 2765 332 2819 rere
348 2745 541 2840 cnpientes,
552 2745 783 2817 Cesariensem
796 2745 989 2834 ecclesiam,
999 2763 1068 2836 que
1084 2753 1136 2816 est
1149 2741 1305 2836 ejusdem
1319 2742 1451 2816 ordinis
1465 2742 1662 2837 cenobium,

256 2870 294 2941 in
314 2868 556 2964 protectionem
579 2877 614 2941 ct
629 2867 808 2939 tuitionem
831 2859 981 2939 nostram
1000 2866 1228 2962 suscipimus,
1248 2875 1283 2940 et
1299 2867 1468 2962 quicquid
1491 2866 1536 2941 de
1559 2868 1664 2941 rebus

256 2995 313 3066 vel
337 2991 611 3088 possessionibus
627 3013 690 3063 seu
709 2989 839 3086 prediis
860 2990 934 3062 suis
955 2990 1109 3062 universi
1130 2990 1368 3063 ministeriales
1386 2990 1493 3062 nostri
1516 3011 1579 3064 seu
1604 2993 1664 3063 alii

255 3117 403 3210 quilibet
424 3125 540 3189 nostro
569 3113 709 3188 ditionis
731 3114 898 3207 jamdicto
924 3093 1067 3188 cenobio
1090 3115 1244 3187 conferre
1264 3115 1453 3206 voluerint,
1478 3115 1663 3188 clementor

258 3241 461 3332 annuimus,
483 3249 518 3312 et
540 3261 660 3312 eorum
679 3239 881 3313 donationes
898 3249 989 3311 ratas
1007 3238 1173 3311 babentes
1193 3247 1308 3310 nostra
1324 3239 1462 3312 licentia
1482 3239 1609 3334 pariter
1630 3246 1666 3310 et

259 3365 373 3458 sigillo
389 3365 424 3435 in
441 3372 646 3460 perpetuum
663 3361 919 3436 confirmamus.

273 3519 277 3532 ·
308 3491 432 3562 Datum
450 3489 620 3582 Auguste,
637 3489 670 3560 X
688 3486 855 3561 kelandas
873 3486 1003 3578 marcii,
1024 3486 1213 3560 indictione
1230 3485 1395 3560 secunda.

315 4009 548 4120 Fridericus,
571 4011 832 4096 Romanorum
854 4039 940 4122 rex,
962 4013 1166 4099 Wolchero
1184 4017 1418 4126 patriarchae
1440 4017 1799 4164 dquilejensim„
1760 4027 1825 4085 una
1799 4089 1862 4132 m,

265 4141 465 4224 confirmat
490 4143 673 4226 ducatum
708 4155 745 4228 et
771 4147 993 4229 comitatum
1025 4147 1207 4258 Forojnlii
1242 4175 1331 4233 cum
1360 4177 1466 4235 omm
1455 4149 1674 4274 jurisdic-
1716 4139 1803 4184 ⁹²¹⁵
1804 4133 1870 4182 ’ὦ

264 4274 367 4356 tione
375 4275 545 4385 ,regalia
563 4277 691 4360 omnia
709 4279 993 4388 episcopatuum
1006 4281 1137 4363 Istriae
1153 4307 1223 4364 nec
1239 4308 1319 4367 non
1336 4293 1373 4366 et
1391 4275 1676 4393 episcopatuum

269 4406 555 4492 Concordiensis
572 4421 610 4493 et
626 4411 863 4514 Bellunensis
872 4414 1047 4524 ,regalia
1064 4439 1217 4524 quoque
1235 4416 1352 4498 trium
1370 4399 1611 4526 abbatiarum
1628 4419 1677 4502 dc

269 4539 398 4646 Sexto,
417 4541 465 4624 de
482 4542 584 4651 Piro,
604 4554 642 4626 et
658 4543 818 4652 Sanctam
834 4546 974 4632 Mariae
991 4547 1032 4628 in
1051 4548 1226 4658 organo,
1246 4574 1379 4634 omnes
1396 4551 1560 4662 denique
1577 4578 1677 4662 pos-

269 4671 456 4756 sessiones
474 4684 511 4757 et
524 4673 614 4786 jura
632 4677 681 4759 ad
698 4676 997 4787 patriarchatum
1014 4681 1190 4764 eumdem
1206 4681 1446 4791 pertinentia.

348 4807 373 4869 1.
1483 4831 1519 4886 ur
