4334 5980
1014 509 1228 572 ruinarum
1256 509 1429 572 suenum
1734 512 1815 589 [aa.
1834 511 1922 574 rma

330 1109 473 1166 mae]
568 1091 766 1178 Conradus
780 1093 953 1187 Metensis
972 1103 1009 1177 et
1027 1093 1214 1204 Spirensis
1232 1093 1448 1205 episeopus,
1470 1093 1677 1206 imperialis
1696 1093 1805 1178 aulae
1822 1120 1922 1177 oan-

512 1225 706 1333 cellarius,
732 1229 906 1340 Philippo
931 1220 1164 1313 franeorum
1187 1228 1268 1342 regi
1293 1230 1444 1312 nuntiat
1468 1229 1702 1312 Friderioum
1727 1229 1768 1310 in
1794 1253 1923 1340 regem

512 1361 769 1446 Romanorum
789 1363 1007 1447 solemniter
1024 1363 1128 1473 apud
1145 1363 1403 1448 Frankenvort
1419 1363 1581 1446 eiectum
1598 1373 1636 1446 et
1648 1363 1751 1473 apud
1763 1359 1923 1474 Magon·

513 1496 605 1578 tiam
624 1507 847 1610 uomnatum
866 1497 1003 1604 fuisse,
1023 1497 1204 1608 additque
1227 1523 1268 1582 se
1290 1507 1327 1580 et
1350 1497 1444 1581 aiios
1466 1497 1614 1608 imperii
1640 1497 1828 1606 principes
1846 1495 1922 1578 fir-

513 1631 624 1712 miter
641 1631 946 1741 compromisisse
963 1631 1068 1742 quod
1085 1657 1285 1741 nunquam
1305 1631 1484 1716 Ottenem
1497 1631 1642 1714 dietum
1659 1631 1922 1740 imperatorem

513 1789 583 1871 pro
601 1765 772 1872 domino,
788 1791 877 1876 rege
894 1765 953 1849 vel
971 1765 1197 1874 imperatore
1214 1765 1407 1875 recipient.

596 1977 713 2058 (iuedit.
734 1981 765 2040 in
785 1978 898 2041 archiv.
913 1995 1014 2058 gener.
1030 1977 1303 2052 Fraue.,carton1.
1319 1987 1389 2053 580,
1403 1988 1436 2038 u⁰
1451 1987 1485 2052 a,
1500 1995 1538 2039 ex
1552 1979 1686 2058 originaii
1697 1981 1784 2058 eujus
1796 1979 1923 2056 sigilium

635 2091 719 2164 tergo
740 2101 933 2165 pergamenae
953 2063 1080 2146 affixum
1100 2091 1164 2146 erat
1185 2103 1241 2163 ope
1259 2089 1402 2164 segmenti
1420 2085 1646 2147 membruuaeei.
1662 2085 1703 2146 At
1722 2085 1782 2146 duo
1807 2091 1923 2146 mutum

633 2192 779 2254 foramine
800 2193 888 2253 hodie
910 2197 1071 2253 remanent.
1091 2193 1184 2254 Notae
1204 2192 1426 2273 ehrenoiogieae
1438 2195 1559 2254 omnino
1578 2193 1704 2266 desunt,
1721 2193 1774 2254 sed
1786 2191 1872 2254 fauiie
1884 2209 1923 2253 ex

636 2299 739 2361 ordine
754 2315 853 2361 rerum
865 2297 1062 2378 supplentur.)

564 2483 812 2558 Gloriosissimo
829 2483 970 2559 domino
988 2486 1050 2558 Ph.
1070 2485 1186 2559 inolito
1210 2487 1415 2558 Franeumm
1439 2485 1535 2578 rugi,
1555 2483 1594 2556 C.
1616 2483 1678 2556 Dei
1695 2483 1804 2578 gratia
1828 2485 1923 2558 Met-

514 2607 620 2682 teusis
634 2617 669 2682 et
678 2609 848 2705 Spirensis
861 2611 1058 2708 episeopus,
1068 2611 1255 2706 imperialis
1270 2611 1350 2683 aula
1365 2609 1599 2702 cauueiiarius,
1614 2609 1844 2682 voluntarium
1861 2632 1924 2684 sue

515 2734 748 2831 possibilitatis
769 2735 805 2807 in
827 2736 989 2808 omuibus
1013 2745 1047 2808 et
1066 2757 1128 2830 por
1147 2735 1264 2808 omnia
1283 2733 1489 2828 obsequium
1511 2755 1592 2805 eum
1615 2733 1781 2806 oratione.
1806 2731 1926 2807 Grates

517 2858 702 2931 immensas
728 2868 841 2933 vestre
864 2859 1043 2932 referimus
1071 2859 1166 2950 regie
1188 2858 1356 2952 majestati
1382 2879 1487 2952 super
1510 2878 1552 2930 oo
1580 2857 1676 2950 quod
1699 2879 1762 2952 par
1782 2859 1926 2932 nuncios

518 2993 670 3074 vestros,
691 2983 852 3056 videlieet
875 2984 1054 3056 dominum
1075 2985 1254 3078 Hogouem
1273 2983 1415 3056 miiitem
1443 2981 1488 3057 de
1518 2981 1631 3056 Athiis
1659 2991 1695 3054 et
1722 2983 1925 3076 magistrum

517 3109 556 3180 B.
577 3107 761 3180 familiares
772 3117 919 3200 vestros,
932 3109 1026 3181 viros
1043 3110 1163 3203 utique
1178 3107 1386 3204 providoset
1399 3107 1578 3198 discretos,
1592 3106 1639 3180 ad
1650 3108 1924 3202 promovendum

516 3357 655 3452 augusti
672 3365 707 3429 et
724 3355 816 3452 regis
834 3355 949 3430 Sicilie
968 3379 1031 3430 nos
1046 3358 1230 3430 sollicitare
1253 3356 1415 3442 curastis,
1438 3355 1518 3428 lieet
1534 3376 1598 3427 uos
1615 3377 1695 3427 cum
1710 3365 1781 3430 tota
1802 3355 1926 3430 mentis

518 3489 553 3554 et
569 3479 721 3577 eorporis
735 3479 921 3554 intentione
936 3481 1003 3556 hoe
1016 3483 1128 3555 faeere
1146 3483 1455 3578 proposuissemus.
1475 3481 1630 3553 Vestram
1648 3479 1820 3574 siquidem
1838 3479 1926 3554 seire

518 3605 678 3700 eupimus
696 3603 985 3698 magnificentiam
1003 3607 1098 3700 quod
1124 3627 1188 3678 nos
1212 3627 1291 3678 eum
1316 3587 1437 3677 ceteris
1459 3601 1636 3676 Alemanie
1653 3613 1723 3676 mm
1741 3604 1926 3676 eeclesias-

520 3727 597 3800 tieis
613 3751 717 3822 quam
740 3729 953 3802 secutaribus
977 3730 1192 3824 principibus
1211 3729 1343 3802 dictum
1363 3727 1543 3802 dominum
1565 3737 1719 3802 nostrum
1740 3729 1778 3800 F.
1799 3731 1927 3802 Roma-

520 3873 644 3926 norum
671 3853 907 3948 imperatorem
926 3854 1072 3926 eiectum
1095 3854 1131 3926 iu
1152 3854 1272 3948 vigilia
1294 3853 1390 3926 Beati
1414 3853 1543 3926 Nicolai
1561 3851 1614 3948 (i)
1632 3853 1726 3950 apud
1747 3854 1928 3926 Franken-

556 4161 593 4236 (i)
612 4160 718 4220 Seiiicst
730 4161 822 4234 quinto
835 4161 878 4218 die
891 4161 1264 4234 deeembris.Uudo,sieutet
1276 4163 1495 4238 expraeeedeute
1507 4161 1772 4238 documentumque
1784 4163 1928 4220 iieineurm

520 4261 694 4320 Leodiensem
707 4258 844 4334 paululum
859 4259 886 4315 in
900 4259 1037 4317 nuatione
1050 4260 1307 4334 temporis-errasse,
1322 4275 1406 4334 quum
1418 4260 1457 4318 ita
1470 4260 1541 4318 dieat
1552 4279 1559 4316 :
1569 4279 1583 4316 a
1594 4259 1744 4318 fridericus
1759 4275 1828 4336 puer
1839 4259 1930 4318 Frau-

523 4378 537 4412 ι
551 4357 656 4416 keufort
667 4357 809 4414 revertitur
821 4356 953 4415 dominica
965 4357 1050 4431 prima
1063 4357 1192 4414 adventus
1203 4356 1308 4414 Domini
1318 4358 1344 4430 (2
1356 4357 1501 4432 decemo),
1510 4357 1647 4430 eligendus
1656 4357 1681 4413 in
1692 4357 1927 4432 imperaturam...

524 4455 691 4514 »Domiuiea
708 4455 795 4528 prima
809 4455 940 4513 adventus
956 4455 1061 4512 Domini
1082 4455 1214 4512 maximus
1231 4459 1378 4512 eonventus
1395 4455 1547 4530 principum
1569 4454 1694 4512 nouveuit
1715 4459 1743 4512 et
1763 4454 1928 4512 Fridarimm

523 4574 537 4608 s
552 4569 666 4629 puerum
680 4553 866 4627 imperatorem
879 4553 968 4628 elegit.
979 4553 1052 4610 iuter
1061 4567 1130 4626 quos
1138 4551 1246 4610 fuerumt
1253 4552 1344 4610 nundi
1357 4553 1457 4611 domini
1468 4569 1556 4628 papae
1566 4557 1595 4610 et
1607 4552 1693 4610 nuntii
1703 4551 1775 4626 ragis
1789 4551 1927 4625 nmero,

524 4669 538 4706 s
553 4651 663 4710 auaui
675 4635 880 4708 insitionum
893 4657 945 4724 aa,
956 4649 1064 4708 ruam
1077 4649 1115 4708 nt
1128 4649 1246 4725 quinquo
1257 4651 1337 4710 mana
1348 4651 1666 4710 annumeramus
1676 4647 1831 4710 riunena
1843 4650 1930 4724 magu
