4434 5942
527 547 569 608 72
1029 548 1240 609 uulnuutct
1265 547 1440 610 sccuuut
1754 546 1835 630 [ure.
1854 550 1942 614 ml.

527 681 724 779 providere.
745 681 848 768 Quod
871 702 942 756 non
966 682 1091 756 ,deceat
1108 684 1223 780 ipsum
1239 682 1426 779 imperare,
1447 690 1541 780 patet
1560 683 1723 756 omnibns
1746 685 1939 760 manifeste.

527 807 709 902 Numquid
721 807 815 880 enim
831 817 965 901 regeret
975 807 1061 882 alios
1078 809 1139 902 qui
1154 807 1323 904 regimine
1337 806 1472 900 indiget
1484 807 1630 882 aliorum
1644 809 1659 878 i
1675 807 1853 902 Numquid
1867 817 1943 882 tue·

528 942 624 1006 retur
639 933 808 1029 populum
825 932 1054 1006 Christianum
1072 933 1133 1028 qni
1151 943 1205 1006 est
1220 933 1333 1008 aliene
1345 931 1454 1006 tutele
1467 933 1694 1006 commissus?
1709 933 1780 1006 Sed
1794 953 1860 1006 nec
1873 932 1943 1006 ob·

526 1066 596 1130 stat
618 1059 714 1152 qnod
743 1058 902 1149 objicitur
931 1057 1047 1153 ipsum
1075 1079 1152 1130 esse
1172 1059 1279 1131 tutele
1300 1067 1417 1131 nostre
1445 1056 1684 1146 commissum,
1704 1078 1784 1130 cnm
1809 1057 1943 1129 nonsit

527 1181 630 1254 nobis
647 1181 850 1254 commissus
872 1190 913 1253 ut
933 1181 966 1254 ei
988 1180 1203 1254 obtineamus
1225 1181 1429 1277 imperium,
1449 1181 1515 1256 sed
1532 1202 1677 1274 regnum
1694 1180 1810 1254 Sicilie
1827 1179 1942 1275 pobns

527 1305 767 1382 defendamus.
783 1307 877 1379 Patet
889 1306 982 1380 enim
997 1305 1085 1378 illud
1104 1304 1199 1378 idem
1212 1327 1260 1378 ex
1276 1306 1385 1380 verbo
1397 1305 1573 1401 Scriptura
1583 1304 1750 1378 dicentis:
1762 1305 1840 1376 ulle
1854 1315 1942 1378 terre

526 1432 866 1529 cnjusmxpnerest,
879 1431 1215 1523 retrursusucujus
1228 1431 1401 1527 principes
1411 1451 1512 1504 mane
1523 1429 1939 1515 eomednnt.uQuodnon

526 1557 693 1652 expediat
710 1557 826 1652 ipsum
844 1555 1029 1651 imperium
1050 1555 1222 1642 obtinere,
1242 1565 1337 1651 patet
1357 1577 1405 1628 ex
1428 1577 1471 1630 eo
1492 1556 1589 1651 quud
1612 1577 1674 1652 per
1696 1556 1763 1630 boc
1788 1576 1936 1650 regnum

526 1681 643 1754 Sicilie
660 1681 817 1752 uniretur
837 1680 983 1775 imperio
999 1691 1036 1753 et
1054 1701 1102 1754 ex
1121 1679 1197 1775 ipsa
1223 1679 1352 1752 unione
1373 1681 1642 1754 confunderetur
1665 1679 1838 1767 Ecclesia3
1856 1701 1938 1752 num

526 1814 567 1878 nt
581 1817 694 1878 cetera
709 1805 862 1900 pericula
877 1815 1064 1896 taceamne,
1075 1804 1150 1899 ipse
1163 1817 1301 1900 propter
1307 1804 1511 1899 dignitatem
1523 1804 1658 1900 imperii
1673 1804 1778 1878 nollet
1788 1804 1941 1876 Ecclesia

528 1930 696 2024 dorequo
712 1929 827 2002 Sicilie
843 1927 1043 2002 fidelitatem
1056 1938 1092 2002 et
1108 1929 1301 2002 hominium
1316 1929 1496 2021 exhibere,
1509 1929 1601 2003 sicut
1615 1928 1725 2002 noluit
1741 1937 1839 2022 pater
1848 1927 1937 2018 ejus,

528 2077 595 2130 nec
613 2055 705 2128 valet
728 2053 824 2150 quod
845 2054 1030 2149 opponitur
1051 2054 1148 2149 qnod
1172 2075 1243 2127 non
1265 2054 1432 2151 expediat
1454 2054 1575 2127 venire
1599 2061 1718 2128 contra
1738 2053 1940 2125 electionem

529 2181 639 2278 ipsius
651 2203 696 2254 ne
705 2178 924 2276 postmodum
936 2179 1091 2252 molestet
1102 2179 1291 2252 Ecclesiam
1304 2201 1366 2274 per
1376 2201 1485 2274 quam
1493 2177 1678 2274 imperium
1691 2199 1730 2250 se
1740 2175 1941 2272 cognoverit

528 2307 696 2382 amisisse.
718 2307 914 2400 Numquam
932 2306 1026 2379 enim
1049 2327 1132 2378 vere
1154 2305 1270 2379 dicere
1293 2305 1419 2400 poterit
1437 2303 1534 2398 quod
1552 2302 1705 2376 Ecclesia
1728 2301 1939 2397 imperialem

528 2433 717 2508 eiabetulit
729 2431 946 2525 dignitatem,
958 2453 1038 2504 cum
1057 2431 1172 2526 potius
1191 2439 1335 2526 patruus
1352 2431 1429 2522 ejus
1445 2451 1517 2502 non
1538 2429 1651 2502 solum
1669 2423 1940 2522 imperinm,sed

528 2569 564 2634 et
585 2567 762 2654 paternam
786 2555 1012 2629 hereditatem
1036 2556 1202 2630 invaserit
1223 2566 1258 2629 et
1279 2565 1469 2628 maternam
1495 2554 1748 2650 possessionem
1769 2571 1940 2646 occupare

526 2705 590 2781 per
612 2705 695 2756 snos
718 2682 881 2756 satellites
905 2681 1134 2772 machinetur,
1154 2679 1202 2754 ad
1220 2683 1320 2774 cujus
1345 2679 1582 2754 defensionem
1609 2677 1763 2751 Ecclesia
1786 2677 1941 2749 Romana

525 2829 596 2882 non
614 2808 690 2880 sine
714 2806 832 2878 multis
849 2805 1026 2879 laboribus
1044 2815 1079 2878 et
1096 2805 1261 2900 expensis
1278 2805 1468 2899 prudenter
1484 2813 1520 2876 et
1536 2813 1692 2898 potenter
1708 2799 1867 2874 intendit.
1889 2800 1941 2870 De

375 2944 382 2954 ‘
527 2933 686 3027 Philippo
704 2930 844 3004 videtur
861 2929 1018 3004 similiter
1034 2929 1131 3023 quod
1149 2950 1219 3002 non
1237 2929 1338 3002 liceat
1354 2937 1473 3002 conca
1490 2929 1566 3020 ejus
1584 2926 1785 3000 electionem
1804 2924 1936 2998 venire.

530 3057 615 3129 Cum
629 3056 721 3129 enim
735 3055 771 3126 in
783 3053 1009 3128 electionibus
1024 3054 1116 3126 cirea
1134 3054 1298 3126 electores
1309 3053 1416 3140 zelus,
1431 3053 1584 3146 dignitas
1596 3061 1632 3124 et
1643 3072 1808 3124 numerus
1821 3059 1939 3122 atten-

531 3183 633 3258 detnr
650 3191 686 3254 et
703 3181 749 3254 dc
766 3181 840 3254 zelo
864 3201 933 3253 non
956 3180 1002 3252 sit
1024 3179 1123 3252 facile
1137 3178 1315 3271 judicare,
1336 3201 1417 3252 eum
1435 3179 1510 3274 ipse
1527 3199 1549 3250 a
1566 3176 1725 3273 pluribus
1742 3183 1778 3248 et
1794 3173 1940 3268 dignio-

529 3307 627 3378 ribus
644 3305 690 3378 sit
706 3305 836 3377 electus
853 3312 888 3376 et
904 3303 1022 3378 adhuc
1039 3303 1156 3398 plures
1179 3312 1214 3375 et
1232 3301 1407 3398 digniores
1429 3301 1602 3398 principes
1624 3307 1815 3394 sequantur
1837 3317 1941 3370 eum·-

529 3431 630 3518 dem,
649 3431 742 3522 juste
757 3428 899 3502 videtur
915 3427 1057 3500 clectus.
1078 3426 1178 3500 Unde
1200 3435 1318 3500 contra
1332 3427 1461 3520 justam
1480 3436 1515 3498 et
1531 3425 1719 3518 legitimam
1737 3423 1940 3496 electionem

528 3577 597 3628 non
616 3553 757 3626 videtur
774 3553 876 3625 licere
893 3550 1137 3636 venire.Quod
1154 3572 1224 3623 non
1243 3550 1366 3626 deceat
1382 3551 1523 3626 videtur
1535 3550 1704 3641 similiter,
1718 3570 1763 3622 ne
1778 3547 1940 3622 videlieet

528 3679 727 3754 videremur
744 3686 937 3749 nostrarum
956 3676 1160 3766 injuriarum
1178 3677 1319 3767 ultores,
1340 3676 1370 3747 si
1388 3676 1471 3770 quia
1489 3684 1634 3771 pateret
1651 3677 1754 3747 frater
1771 3674 1847 3766 ejus
1865 3675 1939 3744 fue·

528 3813 611 3878 runt
627 3802 815 3874 Ecclesiam
833 3801 1021 3898 persecuti,
1040 3823 1121 3873 eum
1139 3800 1300 3897 persequi
1319 3821 1383 3872 nos
1400 3800 1569 3872 vellemus
1585 3809 1621 3872 et
1638 3799 1783 3872 aliorum
1802 3797 1939 3891 culpam

529 3929 566 4000 in
584 3948 711 4023 penam
728 3927 805 4018 ejus
823 3935 936 4020 preter
953 3925 1056 3998 officii
1073 3926 1180 3998 nostri
1199 3924 1356 4032 debitum
1374 3925 1570 4014 immutare,
1590 3945 1672 3996 cum
1690 3923 1804 4018 potius
1821 3920 1940 4018 preci-

528 4053 645 4150 piatur
661 4072 683 4124 a
700 4050 847 4124 Domino
864 4076 873 4121 :
898 4073 916 4119 ι
933 4050 1071 4144 Diligite
1088 4051 1246 4123 inimicos
1262 4057 1408 4141 vestros,
1430 4048 1623 4122 benefacite
1640 4048 1695 4120 his
1712 4046 1774 4141 qui
1792 4045 1941 4120 oderunt

528 4199 592 4252 vos
610 4185 645 4250 et
662 4185 756 4250 orate
774 4197 838 4272 pro
859 4177 1146 4273 persequentibus
1165 4186 1199 4248 et
1217 4175 1507 4249 calumniantibus
1525 4195 1602 4246 vos.
1625 4200 1642 4242 r
1663 4171 1767 4257 Quod
1783 4193 1854 4243 non
1871 4191 1939 4243 ex-

528 4301 647 4396 pediat
664 4309 819 4396 patenter
839 4311 995 4395 apparet.
1017 4301 1103 4372 Cum
1125 4300 1216 4372 enim
1236 4309 1357 4396 potens
1379 4301 1425 4372 sit
1442 4308 1513 4371 um
1531 4309 1621 4370 terra
1639 4319 1745 4391 quam
1762 4295 1889 4390 opibus
1906 4303 1941 4366 et

528 4425 703 4520 personis,
729 4447 798 4499 non
822 4423 962 4498 videtur
983 4424 1148 4520 expedire
1171 4433 1210 4496 nt
1234 4434 1352 4498 contra
1374 4434 1557 4498 torrentem
1581 4421 1723 4496 brachie
1748 4419 1940 4515 dirigamus

528 4559 598 4622 mm
617 4551 746 4644 potenti
771 4571 835 4623 nos
858 4551 970 4623 taliter
995 4557 1225 4644 opponentes,
1246 4559 1285 4621 ut
1301 4571 1382 4622 enm
1401 4548 1591 4622 reddamus
1608 4547 1710 4620 nobis
1732 4554 1769 4620 et
1789 4543 1941 4618 lindesie

529 4671 728 4766 inimicum,
749 4683 784 4747 et
801 4695 846 4746 ne
863 4675 1026 4767 majorem
1050 4671 1250 4746 videremur
1272 4671 1483 4748 discordiam
1500 4671 1668 4745 suscitare
1686 4671 1851 4766 fieretque
1869 4689 1941 4742 no-
