4382 5946
541 529 604 592 276
1048 527 1263 590 FlillllililCl
1289 527 1465 591 SEClllllll
1773 527 1854 614 [An.
1874 530 1961 593 1213.

544 667 662 738 siones
683 687 763 739 cum
785 665 946 739 omnibus
962 686 1080 738 earum
1097 667 1323 760 pertinentiis,
1344 665 1442 740 terris
1461 661 1624 737 videlicet
1639 667 1740 739 cultis
1753 675 1788 740 et
1806 669 1961 759 incultis,

546 791 672 888 pratis,
692 793 905 882 nemoribus,
925 791 1040 886 aquis,
1062 791 1324 886 piscationibus,
1344 791 1449 886 liguis
1466 789 1650 863 fructiferis
1670 800 1707 863 et
1727 793 1960 886 infructiferis,

546 915 755 988 molendinis
773 925 807 989 et
824 937 904 988 cum
924 915 1122 988 hominihus
1142 916 1323 1010 utriusque
1345 937 1451 988 sexus
1472 913 1518 988 ed
1534 913 1628 987 idem
1646 915 1807 1009 predium
1824 917 1963 1009 dejure

545 1040 810 1136 pertinentibus,
823 1049 858 1112 et
874 1039 1043 1134 quicquid
1058 1039 1209 1112 habehat
1222 1039 1315 1112 idem
1323 1039 1520 1112 Walthems
1535 1037 1572 1107 iu
1587 1036 1773 1130 Uldingen,
1791 1039 1962 1112 decimam

544 1185 685 1260 quoque
702 1164 738 1236 in
752 1163 1054 1238 Gerholdiswilare
1070 1175 1105 1236 ct
1122 1163 1292 1236 decimam
1310 1164 1345 1235 iu
1360 1164 1483 1252 Stetin,
1499 1162 1616 1234 omnia
1631 1162 1677 1234 ah
1695 1162 1771 1259 ipso
1786 1163 1961 1236 Walthero

545 1311 610 1387 pro
623 1289 698 1362 CCC
711 1299 746 1363 et
760 1291 820 1364 Vll
837 1289 964 1364 mercis
981 1289 1112 1386 argenti
1123 1292 1219 1383 justo
1232 1289 1442 1364 venditionis
1458 1289 1556 1360 titulo
1570 1287 1739 1382 acquisita
1756 1297 1792 1360 et
1806 1287 1842 1358 in
1857 1311 1960 1361 usum

544 1413 743 1488 monasterii
762 1423 797 1487 et
814 1415 957 1488 fratrum
976 1415 1052 1486 sine
1067 1414 1214 1507 alicujus
1231 1413 1503 1487 contradictione
1520 1411 1699 1504 translata;
1713 1411 1854 1506 insuper
1870 1410 1960 1484 duas

544 1537 658 1610 hubas
677 1559 757 1609 cum
783 1538 878 1611 omni
895 1558 938 1612 eo
953 1536 1050 1634 quod
1066 1536 1216 1610 habebat
1238 1535 1274 1608 in
1293 1537 1462 1630 Twingen
1484 1543 1619 1630 emptas
1638 1534 1684 1606 ab
1706 1534 1830 1606 eodem
1851 1533 1958 1605 nobili

544 1661 622 1735 viro
639 1682 702 1756 pro
718 1661 789 1734 LVI
806 1663 945 1754 marcis,
964 1683 1116 1735 necnon
1134 1661 1272 1735 vincam
1290 1670 1324 1734 et
1342 1659 1503 1758 predium
1517 1658 1774 1755 quodhehehat
1787 1659 1824 1730 in
1836 1658 1957 1730 lluron

545 1805 625 1856 cum
644 1783 807 1856 omnihus
825 1785 1043 1880 pertinentiis
1058 1785 1148 1875 suis,
1167 1792 1398 1879 comparatam
1415 1803 1477 1878 pro
1492 1791 1631 1855 centum
1649 1781 1709 1854 llll
1723 1781 1864 1872 marcis,
1883 1801 1957 1852 mo·

544 1907 696 1980 naslerio
722 1908 873 2003 sepefato
896 1907 941 1982 de
959 1908 1071 1982 Salem
1092 1917 1127 1980 et
1147 1907 1309 1980 fratribus
1330 1910 1409 2000 jure
1431 1915 1598 2002 perpetuo
1615 1905 1825 2001 possidenda
1845 1925 1956 1977 corro-

545 2031 709 2104 boramus
725 2039 760 2104 et
782 2052 901 2106 eorum
917 2032 998 2104 usui
1021 2030 1219 2106 addicimus
1235 2041 1270 2103 et
1286 2029 1541 2124 adjudicamus.
1567 2031 1658 2102 Nulli
1683 2030 1788 2124 igitur
1803 2051 1955 2124 unquam

544 2155 725 2230 hominum
743 2157 800 2230 vel
822 2157 933 2252 ipsius
950 2155 1114 2230 Waltheri
1138 2155 1306 2230 heredum
1329 2157 1460 2230 licitum
1485 2157 1531 2229 sit
1547 2157 1749 2231 donationes
1775 2157 1851 2230 sive
1871 2177 1955 2228 ven-

546 2280 695 2354 ditiones
723 2283 931 2354 monesterio
950 2279 995 2355 de
1017 2282 1129 2354 Salem
1148 2303 1210 2378 per
1232 2283 1346 2378 ipsum
1363 2282 1578 2356 Waltherum
1596 2282 1641 2358 de
1658 2283 1820 2356 omnihus
1837 2303 1955 2376 supru-

544 2403 647 2478 dictis
668 2405 775 2479 factas
797 2407 833 2480 in
852 2406 985 2478 irritum
1008 2427 1172 2480 revocare
1192 2414 1253 2478 aut
1269 2428 1425 2501 unquam
1447 2405 1693 2479 monasterium
1711 2427 1817 2502 super
1832 2403 1886 2476 his
1902 2405 1953 2475 in·

478 2527 479 2531 '
543 2528 698 2625 quietare
716 2530 774 2602 vel
790 2529 874 2603 huic
894 2541 1010 2604 nostro
1028 2529 1279 2604 confirmationi
1296 2537 1424 2604 temere
1441 2530 1622 2604 contraire.
1642 2528 1745 2616 Quod
1763 2529 1825 2624 qui
1840 2529 1955 2600 fecerit

544 2653 631 2726 iram
655 2655 825 2730 tremendi
848 2654 979 2748 judicis
1003 2664 1038 2729 ct
1066 2664 1182 2730 nostro
1205 2655 1369 2728 offensum
1393 2654 1581 2747 majestatis
1611 2675 1650 2726 se
1677 2655 1812 2728 noverit
1836 2653 1954 2724 incur-

543 2797 678 2848 surum.
698 2777 754 2851 Ad
779 2779 884 2872 hujus
903 2780 1007 2852 etiam
1026 2779 1238 2872 donationis,
1257 2779 1466 2854 venditionis
1488 2787 1673 2874 nostreque
1690 2776 1954 2851 confirmationis

543 2901 648 2974 robur
674 2911 878 2998 perpetuum
897 2913 932 2978 et
949 2904 1025 3002 (sic)
1043 2925 1186 3002 pmsens
1209 2903 1433 3002 privilegium
1455 2903 1687 3000 conscriptum
1707 2902 1821 2996 sigillo
1841 2909 1953 2974 nostro

539 3025 708 3119 jussimus
725 3029 943 3100 communiri.

592 3151 703 3244 Hujus
725 3152 776 3228 rai
800 3161 905 3227 testes
931 3163 1013 3226 sunt
1037 3153 1216 3228 Conradus
1242 3153 1512 3229 Constantiensis
1535 3153 1737 3252 episcopus,
1763 3150 1953 3224 Waltherus

542 3273 739 3348 Besilieusis
756 3275 900 3369 electus,
920 3275 1056 3350 Ulricus
1074 3276 1182 3350 abbas
1196 3277 1312 3349 Seucti
1328 3275 1429 3369 Galli,
1447 3275 1628 3350 Heinricns
1644 3275 1754 3348 abbas
1769 3272 1950 3370 dugensis,

542 3419 658 3473 comes
676 3399 811 3474 Ulrious
829 3401 874 3476 de
892 3402 1064 3491 Quihurc,
1083 3423 1199 3477 comes
1217 3404 1319 3499 Hugo
1340 3403 1385 3476 de
1399 3401 1606 3494 Monteforti,
1626 3422 1744 3474 comes
1760 3398 1952 3474 Burcardus

542 3521 588 3595 de
607 3523 822 3616 Hohinberc‚
842 3527 1051 3600 Anshclmus
1065 3527 1110 3602 de
1129 3527 1328 3622 lustingen,
1349 3527 1531 3600 Heinricus
1558 3525 1603 3598 de
1625 3523 1800 3597 Kallindin
1821 3544 1953 3595 mures-

541 3647 676 3738 calcus,
702 3649 882 3723 Bertoldus
908 3651 953 3725 de
975 3651 1208 3744 Butelschiez,
1234 3651 1415 3725 Bertoldus
1436 3651 1481 3726 de
1506 3649 1780 3740 Wittenhowcn‚
1809 3647 1887 3720 Otto
1910 3645 1952 3718 de

541 3769 680 3844 Bachuu
707 3782 742 3846 et
768 3774 946 3848 Conradus
972 3774 1018 3848 de
1045 3775 1200 3869 Bechou,
1225 3775 1454 3867 wernherus,
1482 3774 1635 3864 Ulricus,
1659 3772 1840 3844 lleinricus
1866 3769 1952 3841 filius

541 3894 630 3987 ejus,
648 3895 843 3970 Burcardus
858 3897 951 3971 filius
969 3899 1115 3993 ottonis,
1135 3921 1256 3974 omues
1272 3901 1327 3974 isti
1348 3899 1393 3973 de
1409 3897 1561 3991 Bachou,
1580 3895 1760 3971 Bertoldus
1773 3906 1808 3968 et
1822 3895 1951 3968 Ulricns

541 4017 645 4092 frater
668 4019 744 4112 ejus
770 4020 815 4094 de
835 4019 1067 4118 Altenburon‚
1088 4025 1261 4122 Repertus
1280 4023 1326 4098 de
1345 4021 1715 4112 fladehrehteswilare,
1744 4017 1953 4092 wernherus

541 4141 587 4215 de
611 4143 840 4238 Sengceherc‚
866 4147 1063 4222 Burcardus
1081 4147 1127 4222 de
1151 4150 1287 4241 Boron,
1307 4147 1484 4222 Conradns
1510 4146 1556 4221 de
1575 4142 1829 4232 Fulchenstein,
1850 4139 1952 4212 Heiu-

540 4267 634 4340 rious
653 4268 698 4342 de
722 4269 980 4362 Falchensteiu,
1001 4274 1198 4347 Diethartus
1216 4273 1261 4347 de
1277 4267 1532 4354 Falchenstein,
1552 4267 1731 4344 Conradus
1750 4265 1795 4340 de
1815 4263 1952 4338 Irades·

539 4391 623 4462 ruiti
642 4392 696 4490 (l)
715 4403 749 4468 et
773 4396 876 4470 frater
900 4397 975 4490 ejus
997 4397 1195 4491 heinricus,
1216 4397 1396 4472 Conradus
1418 4397 1463 4470 ds
1483 4393 1704 4468 Walewilare
1721 4402 1756 4465 et
1774 4389 1951 4464 lleiuricus

539 4515 643 4588 frater
673 4519 749 4610 ejus
777 4529 811 4594 et
837 4521 1043 4597 Bertholdus
1074 4523 1178 4597 frater
1201 4545 1341 4616 eorum,
1361 4519 1541 4596 liutoldus
1568 4518 1613 4594 de
1642 4519 1820 4610 lalewuc,
1837 4523 1874 4590 et
1896 4511 1952 4586 alii

539 4641 775 4737 quamplures.
