4378 5954
224 555 322 618 uuor.
338 553 382 638 b]
678 553 875 614 HISTORIA
900 552 1193 616 nlrbollarlcs.
1600 544 1641 606 95

224 713 350 766 aurum
363 692 401 764 in
413 691 553 764 fornace
565 688 737 784 probaret,
753 700 924 784 quatenus
941 691 1098 786 probatio
1109 699 1223 764 vestre
1236 687 1318 762 fidei
1332 685 1441 760 multo
1452 681 1638 780 preciosior

223 824 315 890 esset
329 836 416 889 auru
433 812 531 910 quod
552 835 615 909 per
634 814 752 908 ignem
773 814 952 911 probatur,
972 815 1095 888 similis
1119 835 1227 910 grano
1246 810 1377 908 sinapis
1394 805 1490 904 quod
1509 813 1640 902 quanto

223 941 303 1036 plns
321 938 481 1013 tunditur
505 947 601 1012 tanto
622 939 744 1011 lortius
765 937 963 1012 inardescit.
987 939 1088 1014 Unde
1107 939 1278 1034 flagellato
1299 935 1439 1011 tandem
1461 929 1640 1006 miserabi-

223 1065 301 1136 liter
327 1063 524 1160 pestilentie
543 1062 620 1136 viro
644 1063 706 1158 qui
729 1063 823 1156 iusto
843 1063 976 1156 judicio
1002 1063 1078 1136 dies
1102 1085 1185 1136 suos
1208 1062 1320 1136 linivit
1349 1063 1385 1134 in
1408 1063 1539 1134 malum
1562 1057 1637 1156 (l),

224 1191 319 1260 nnnc
337 1185 421 1262 fidei
445 1195 561 1260 vestre
580 1185 757 1260 sinceritas
779 1187 955 1261 invenitur
973 1188 1008 1259 in
1027 1187 1167 1261 laudem
1188 1197 1222 1260 et
1242 1186 1384 1280 gloriam
1403 1194 1438 1259 et
1458 1186 1636 1258 honorem.

224 1311 319 1384 Licet
339 1311 434 1384 enim
454 1309 501 1384 ad
523 1320 659 1405 tempus
677 1319 816 1408 propter
831 1311 934 1384 nubis
952 1313 1125 1404 obiectum
1144 1311 1226 1384 solis
1243 1311 1364 1384 radius
1381 1332 1450 1382 non
1467 1310 1638 1400 illuxerit,

223 1456 271 1508 ex
292 1457 364 1530 qno
390 1443 506 1509 umen
532 1435 642 1510 nubes
666 1436 809 1510 evanuit
837 1435 1000 1532 splendor
1024 1435 1133 1532 ipsius
1161 1435 1293 1527 gratius
1318 1438 1503 1522 elucescet,
1523 1443 1558 1507 et
1575 1455 1640 1506 vos

223 1559 373 1654 quinon
391 1561 566 1634 curvastis
583 1581 699 1656 genua
720 1570 835 1636 vestra
855 1582 970 1634 coram
986 1561 1086 1652 baal,
1103 1569 1286 1656 postquam
1308 1560 1457 1634 nefande
1475 1559 1640 1632 memorie

223 1683 445 1758 blaroualdns
467 1683 597 1758 interiit
613 1685 676 1779 qui
692 1693 806 1760 vestre
828 1685 919 1759 cirea
937 1707 1001 1760 nos
1017 1686 1205 1760 voluntatis
1227 1685 1439 1781 impediebat
1459 1685 1636 1772 effectum,

225 1828 269 1882 ea
288 1817 358 1882 tam
382 1808 480 1903 vigili
507 1807 625 1882 studio
643 1831 748 1903 quam
770 1809 926 1884 studiosa
944 1811 1124 1906 vigilantia
1141 1809 1326 1884 studebitis
1348 1811 1485 1906 operari
1507 1831 1578 1904 que
1593 1807 1639 1882 ad

223 1931 419 2028 Apostolice
434 1933 537 2008 Sedis
551 1934 717 2008 honorem
735 1943 770 2008 et
789 1935 885 2028 regie
902 1957 1048 2032 persone
1068 1935 1216 2010 salutern
1233 1935 1409 2030 totiusque
1424 1935 1523 2030 regni
1545 1955 1638 2008 oom-

224 2057 368 2132 modum
395 2059 582 2154 magnifice
608 2057 867 2134 redundabunt.
895 2063 986 2136 Dum
1009 2083 1092 2156 ergo
1112 2071 1250 2158 tempus
1267 2061 1418 2152 bebetis,
1437 2081 1507 2133 non
1526 2059 1638 2155 negli-

223 2183 313 2277 gatis
335 2185 467 2258 bonurn
485 2185 583 2282 quod
607 2184 751 2281 expedit
770 2185 925 2282 operari,
950 2185 996 2260 de
1017 2186 1235 2282 plenitudine
1257 2186 1367 2281 gratie
1390 2193 1505 2259 nostre
1526 2183 1638 2258 securi

223 2329 295 2403 qne
312 2309 415 2384 vobis
438 2310 474 2382 in
494 2310 667 2406 prosperis
687 2309 798 2384 aderit
821 2309 911 2383 dont
932 2331 1002 2384 non
1026 2309 1136 2384 deluit
1157 2311 1193 2384 in
1217 2309 1391 2400 adversis,
1410 2330 1490 2380 cum
1507 2309 1553 2382 ad
1574 2307 1639 2382 ho·

224 2453 343 2506 norem
368 2442 404 2508 et
426 2435 620 2530 proiectum
639 2443 795 2510 vestrum
816 2435 999 2508 efficaciter
1017 2436 1254 2526 intendamus,
1273 2443 1436 2529 tanquam
1459 2433 1520 2528 qui
1543 2433 1639 2506 lorti-

224 2555 358 2630 tndinis
373 2565 488 2632 vestre
509 2559 737 2632 constantiam
761 2568 796 2634 et
813 2557 896 2634 fidei
920 2560 1105 2656 puritatem
1128 2581 1250 2632 snmus
1266 2559 1303 2630 in
1321 2557 1439 2631 multis
1458 2556 1639 2630 evidenter

225 2681 373 2776 experti.
398 2681 484 2756 Cum
510 2691 628 2757 aulem
650 2681 696 2756 de
718 2691 810 2756 statu
831 2691 947 2758 vestro
965 2692 1000 2756 et
1019 2682 1088 2756 biis
1111 2703 1181 2776 qne
1199 2691 1296 2776 gesta
1317 2690 1399 2754 sunt
1421 2689 1456 2754 et
1474 2688 1640 2774 geruntur

225 2815 303 2900 post
318 2806 495 2881 interitum
511 2807 705 2882 Marcualdi
721 2807 850 2882 redditi
866 2808 1035 2882 fuerimus
1051 2807 1225 2900 certiores,
1240 2807 1377 2904 plenius
1389 2815 1425 2878 et
1441 2791 1639 2902 expressius

224 2938 380 3002 nostrum
401 2932 503 3006 vobis
527 2931 727 3006 curabimus
743 2941 778 3007 et
794 2953 971 3030 exponere
991 2917 1247 3030 beneplacitum
1268 2931 1456 3006 voluntatis
1475 2941 1510 3004 et
1531 2930 1639 3026 presi-

225 3053 522 3132 diumexbibore.
1387 3059 1392 3071 '

273 3180 400 3252 Datum
417 3181 574 3274 Velletri‚
594 3182 670 3254 Vlll
687 3181 855 3255 kalendas
869 3180 1037 3264 octobris,
1055 3175 1274 3276 pontificatus
1289 3181 1396 3254 nostri
1414 3202 1505 3254 anno
1522 3181 1565 3252 V.

275 3297 332 3400 [ln
347 3303 512 3380 eumdem
532 3307 604 3380 lere
617 3305 764 3380 modum
777 3305 944 3402 scriptum
958 3305 1273 3403 estCepbaludensi
1286 3305 1462 3402 episcopo,
1480 3304 1637 3378 familiari

223 3425 349 3526 regor

277 3905 491 3992 Fridericus
504 3933 571 3990 rex
586 3907 735 3992 Siciliae
746 3907 926 4018 hospitali
940 3907 1101 3992 Sanctae
1113 3907 1253 3992 Mariae
1268 3906 1587 3992 Tbeutonicorum
1600 3908 1640 3988 in
1681 3934 1840 4040 rsppprppc

222 4036 432 4124 Jerusalem
451 4041 570 4124 donat
588 4041 715 4124 casale
730 4041 948 4127 Meserellae
960 4041 1000 4124 in
1019 4041 1235 4124 tenimentis
1253 4041 1441 4151 Cephalus
1457 4051 1495 4124 ot
1509 4041 1641 4124 domui
1702 4043 1819 4088 remea.

225 4169 386 4256 Sanctae
404 4174 597 4257 Trinitatis
620 4175 800 4258 Panormi
818 4174 990 4286 ejusdem
1007 4174 1152 4259 ordinis
1165 4174 1365 4258 confirmat
1377 4200 1640 4284 quaecumque

259 4489 296 4562 (l)
314 4491 421 4550 Scilicet
429 4493 598 4552 ldarcualdus
611 4494 658 4568 qui
670 4493 722 4551 boo
735 4494 794 4569 ipso
806 4511 916 4568 mense,
931 4512 993 4553 curn
1002 4496 1159 4570 jamdudum
1169 4495 1317 4554 calculosus
1325 4511 1389 4570 prae
1401 4495 1491 4552 nimiis
1504 4494 1639 4552 doloribus

222 4586 342 4645 vesicam
355 4589 407 4648 sibi
425 4591 512 4649 secari
525 4590 648 4664 lecisset,
661 4591 739 4666 quasi
751 4591 822 4650 inter
838 4593 911 4666 ipses
923 4593 1019 4652 medici
1032 4609 1128 4650 manus
1143 4595 1225 4652 ritem
1242 4591 1358 4663 efflavit,
1371 4598 1402 4650 ut
1413 4597 1546 4650 testantur
1556 4593 1638 4648 Inoo·

224 4687 311 4742 curtii
325 4686 416 4746 Geato.
428 4687 575 4748 lliccardus
590 4689 624 4747 de
636 4687 666 4748 S.
681 4691 826 4762 Germano,
842 4707 870 4764 p.
888 4694 953 4764 984,
965 4690 1046 4749 relsrt
1059 4697 1150 4750 tarum
1162 4690 1345 4750 Mmoualdum
1357 4689 1514 4750 dissenteria
1528 4689 1636 4748 obiisse.
