<?xml version="1.0" encoding="UTF-8"?>
<!DOCTYPE html PUBLIC "-//W3C//DTD XHTML 1.0 Transitional//EN"
    "http://www.w3.org/TR/xhtml1/DTD/xhtml1-transitional.dtd">
<html xmlns="http://www.w3.org/1999/xhtml" xml:lang="en" lang="en">
 <head>
  <title>
</title>
<meta http-equiv="Content-Type" content="text/html;charset=utf-8" />
  <meta name='ocr-system' content='tesseract 3.04.00' />
  <meta name='ocr-capabilities' content='ocr_page ocr_carea ocr_par ocr_line ocrx_word'/>
</head>
<body>
  <div class='ocr_page' id='page_1' title='image "./historiadiploma06fredgoog_0223.png"; bbox 0 0 4334 5980; ppageno 0'>
   <div class='ocr_carea' id='block_1_1' title="bbox 522 543 1925 624">
    <p class='ocr_par' dir='ltr' id='par_1_1' title="bbox 522 543 1925 624">
     <span class='ocr_line' id='line_1_1' title="bbox 522 543 1925 624; baseline -0.004 -14"><span class='ocrx_word' id='word_1_1' title='bbox 522 549 584 610; x_wconf 68' lang='grc' dir='ltr'>ΞΜ</span> <span class='ocrx_word' id='word_1_2' title='bbox 1024 547 1235 611; x_wconf 76' lang='lat' dir='ltr'>Fllllllilllcl</span> <span class='ocrx_word' id='word_1_3' title='bbox 1260 549 1434 612; x_wconf 70' lang='lat' dir='ltr'>securint</span> <span class='ocrx_word' id='word_1_4' title='bbox 1740 544 1823 624; x_wconf 74' lang='lat' dir='ltr'>[An.</span> <span class='ocrx_word' id='word_1_5' title='bbox 1841 543 1925 606; x_wconf 70' lang='lat'>1212</span> 
     </span>
    </p>
   </div>
   <div class='ocr_carea' id='block_1_2' title="bbox 518 681 1931 2513">
    <p class='ocr_par' dir='ltr' id='par_1_2' title="bbox 518 681 1930 2020">
     <span class='ocr_line' id='line_1_2' title="bbox 521 681 1929 782; baseline -0.002 -26"><span class='ocrx_word' id='word_1_6' title='bbox 521 681 1154 778; x_wconf 81' lang='lat' dir='ltr'>publiconelllectiouemverolactam</span> <span class='ocrx_word' id='word_1_7' title='bbox 1165 685 1420 782; x_wconf 84' lang='lat' dir='ltr'>etpublicatam</span> <span class='ocrx_word' id='word_1_8' title='bbox 1432 681 1929 758; x_wconf 89' lang='lat' dir='ltr'>denuntiaboutuobisetnos·</span> 
     </span>
     <span class='ocr_line' id='line_1_3' title="bbox 520 807 1928 906; baseline 0.001 -28"><span class='ocrx_word' id='word_1_9' title='bbox 520 815 615 878; x_wconf 89' lang='lat' dir='ltr'>trum</span> <span class='ocrx_word' id='word_1_10' title='bbox 633 807 810 902; x_wconf 84' lang='lat' dir='ltr'>requirent</span> <span class='ocrx_word' id='word_1_11' title='bbox 825 827 1017 880; x_wconf 75' lang='lat' dir='ltr'><strong>assensum.</strong></span> <span class='ocrx_word' id='word_1_12' title='bbox 1033 807 1103 884; x_wconf 87' lang='lat' dir='ltr'>Sed</span> <span class='ocrx_word' id='word_1_13' title='bbox 1115 817 1302 906; x_wconf 61' lang='lat' dir='ltr'>culquam</span> <span class='ocrx_word' id='word_1_14' title='bbox 1321 831 1483 884; x_wconf 76' lang='lat' dir='ltr'><strong>assensus</strong></span> <span class='ocrx_word' id='word_1_15' title='bbox 1499 809 1619 902; x_wconf 74' lang='lat' dir='ltr'>regius</span> <span class='ocrx_word' id='word_1_16' title='bbox 1637 807 1843 902; x_wconf 76' lang='lat' dir='ltr'>requiratur,</span> <span class='ocrx_word' id='word_1_17' title='bbox 1861 827 1928 880; x_wconf 91' lang='lat' dir='ltr'>uon</span> 
     </span>
     <span class='ocr_line' id='line_1_4' title="bbox 521 929 1927 1028; baseline -0.001 -26"><span class='ocrx_word' id='word_1_18' title='bbox 521 929 769 1004; x_wconf 75' lang='lat' dir='ltr'>inthronizetur</span> <span class='ocrx_word' id='word_1_19' title='bbox 784 931 913 1004; x_wconf 88' lang='lat' dir='ltr'>electus</span> <span class='ocrx_word' id='word_1_20' title='bbox 928 953 994 1006; x_wconf 89' lang='lat' dir='ltr'>nec</span> <span class='ocrx_word' id='word_1_21' title='bbox 1009 931 1211 1008; x_wconf 71' lang='lat' dir='ltr'>demutetur</span> <span class='ocrx_word' id='word_1_22' title='bbox 1225 935 1340 1009; x_wconf 87' lang='lat' dir='ltr'>laudis</span> <span class='ocrx_word' id='word_1_23' title='bbox 1355 933 1556 1008; x_wconf 79' lang='lat' dir='ltr'>solemnitss</span> <span class='ocrx_word' id='word_1_24' title='bbox 1568 955 1638 1028; x_wconf 88' lang='lat' dir='ltr'>qua</span> <span class='ocrx_word' id='word_1_25' title='bbox 1655 930 1927 1006; x_wconf 77' lang='lat' dir='ltr'>inthronizationi</span> 
     </span>
     <span class='ocr_line' id='line_1_5' title="bbox 521 1055 1926 1154; baseline 0 -26"><span class='ocrx_word' id='word_1_26' title='bbox 521 1055 661 1130; x_wconf 88' lang='lat' dir='ltr'>videtur</span> <span class='ocrx_word' id='word_1_27' title='bbox 675 1077 832 1143; x_wconf 85' lang='lat' dir='ltr'>annexa,</span> <span class='ocrx_word' id='word_1_28' title='bbox 858 1077 923 1130; x_wconf 90' lang='lat' dir='ltr'>nec</span> <span class='ocrx_word' id='word_1_29' title='bbox 943 1065 1131 1152; x_wconf 68' lang='lat' dir='ltr'>aanuam</span> <span class='ocrx_word' id='word_1_30' title='bbox 1146 1059 1348 1133; x_wconf 88' lang='lat' dir='ltr'>auctoritate</span> <span class='ocrx_word' id='word_1_31' title='bbox 1371 1057 1557 1154; x_wconf 80' lang='lat' dir='ltr'>pontificali</span> <span class='ocrx_word' id='word_1_32' title='bbox 1574 1058 1679 1132; x_wconf 85' lang='lat' dir='ltr'>tuerit</span> <span class='ocrx_word' id='word_1_33' title='bbox 1694 1055 1926 1142; x_wconf 83' lang='lat' dir='ltr'>continuatus,</span> 
     </span>
     <span class='ocr_line' id='line_1_6' title="bbox 519 1179 1930 1278; baseline -0.003 -24"><span class='ocrx_word' id='word_1_34' title='bbox 519 1179 806 1254; x_wconf 82' lang='lat' dir='ltr'>administrationi</span> <span class='ocrx_word' id='word_1_35' title='bbox 817 1201 856 1254; x_wconf 89' lang='lat' dir='ltr'>se</span> <span class='ocrx_word' id='word_1_36' title='bbox 869 1181 1065 1255; x_wconf 87' lang='lat' dir='ltr'>nullatenus</span> <span class='ocrx_word' id='word_1_37' title='bbox 1081 1183 1301 1258; x_wconf 88' lang='lat' dir='ltr'>immiscebit.</span> <span class='ocrx_word' id='word_1_38' title='bbox 1317 1183 1486 1257; x_wconf 77' lang='lat' dir='ltr'>Volumus</span> <span class='ocrx_word' id='word_1_39' title='bbox 1495 1182 1601 1278; x_wconf 77' lang='lat' dir='ltr'>igitur</span> <span class='ocrx_word' id='word_1_40' title='bbox 1611 1190 1647 1256; x_wconf 91' lang='lat' dir='ltr'>et</span> <span class='ocrx_word' id='word_1_41' title='bbox 1658 1179 1881 1255; x_wconf 88' lang='lat' dir='ltr'>concedimus</span> <span class='ocrx_word' id='word_1_42' title='bbox 1892 1187 1930 1252; x_wconf 88' lang='lat' dir='ltr'>ot</span> 
     </span>
     <span class='ocr_line' id='line_1_7' title="bbox 518 1302 1929 1402; baseline 0 -26"><span class='ocrx_word' id='word_1_43' title='bbox 518 1302 713 1376; x_wconf 90' lang='lat' dir='ltr'>secundum</span> <span class='ocrx_word' id='word_1_44' title='bbox 730 1302 921 1399; x_wconf 87' lang='lat' dir='ltr'>prodictam</span> <span class='ocrx_word' id='word_1_45' title='bbox 936 1305 1082 1378; x_wconf 82' lang='lat' dir='ltr'>sormam</span> <span class='ocrx_word' id='word_1_46' title='bbox 1097 1307 1281 1380; x_wconf 77' lang='lat' dir='ltr'>electiones</span> <span class='ocrx_word' id='word_1_47' title='bbox 1294 1305 1342 1380; x_wconf 90' lang='lat' dir='ltr'>de</span> <span class='ocrx_word' id='word_1_48' title='bbox 1358 1315 1471 1380; x_wconf 89' lang='lat' dir='ltr'>cetero</span> <span class='ocrx_word' id='word_1_49' title='bbox 1485 1327 1549 1402; x_wconf 88' lang='lat' dir='ltr'>per</span> <span class='ocrx_word' id='word_1_50' title='bbox 1564 1314 1674 1378; x_wconf 87' lang='lat' dir='ltr'>totum</span> <span class='ocrx_word' id='word_1_51' title='bbox 1687 1325 1834 1399; x_wconf 79' lang='lat' dir='ltr'>regumn</span> <span class='ocrx_word' id='word_1_52' title='bbox 1847 1323 1929 1376; x_wconf 87' lang='lat' dir='ltr'>uos-</span> 
     </span>
     <span class='ocr_line' id='line_1_8' title="bbox 521 1427 1928 1526; baseline 0 -26"><span class='ocrx_word' id='word_1_53' title='bbox 521 1437 613 1500; x_wconf 89' lang='lat' dir='ltr'>trum</span> <span class='ocrx_word' id='word_1_54' title='bbox 626 1427 734 1502; x_wconf 87' lang='lat' dir='ltr'>libere</span> <span class='ocrx_word' id='word_1_55' title='bbox 746 1427 975 1517; x_wconf 82' lang='lat' dir='ltr'>celebrentur,</span> <span class='ocrx_word' id='word_1_56' title='bbox 991 1431 1087 1504; x_wconf 92' lang='lat' dir='ltr'>nullo</span> <span class='ocrx_word' id='word_1_57' title='bbox 1098 1453 1239 1525; x_wconf 90' lang='lat' dir='ltr'>prorsus</span> <span class='ocrx_word' id='word_1_58' title='bbox 1251 1431 1410 1506; x_wconf 86' lang='lat' dir='ltr'>obstante</span> <span class='ocrx_word' id='word_1_59' title='bbox 1423 1431 1589 1526; x_wconf 79' lang='lat' dir='ltr'>rescripto</span> <span class='ocrx_word' id='word_1_60' title='bbox 1602 1453 1624 1504; x_wconf 92' lang='lat' dir='ltr'>a</span> <span class='ocrx_word' id='word_1_61' title='bbox 1637 1428 1727 1502; x_wconf 90' lang='lat' dir='ltr'>Sede</span> <span class='ocrx_word' id='word_1_62' title='bbox 1738 1427 1928 1524; x_wconf 80' lang='lat' dir='ltr'>Apostolice</span> 
     </span>
     <span class='ocr_line' id='line_1_9' title="bbox 521 1549 1930 1647; baseline 0.001 -25"><span class='ocrx_word' id='word_1_63' title='bbox 521 1549 712 1647; x_wconf 87' lang='lat' dir='ltr'>impetrato.</span> <span class='ocrx_word' id='word_1_64' title='bbox 731 1549 787 1626; x_wconf 81' lang='lat' dir='ltr'>Ad</span> <span class='ocrx_word' id='word_1_65' title='bbox 809 1550 915 1644; x_wconf 88' lang='lat' dir='ltr'>hujus</span> <span class='ocrx_word' id='word_1_66' title='bbox 939 1562 1066 1626; x_wconf 84' lang='lat' dir='ltr'>autem·</span> <span class='ocrx_word' id='word_1_67' title='bbox 1077 1555 1306 1628; x_wconf 72' lang='lat' dir='ltr'>consessionis</span> <span class='ocrx_word' id='word_1_68' title='bbox 1326 1550 1442 1630; x_wconf 86' lang='lat' dir='ltr'>nostre</span> <span class='ocrx_word' id='word_1_69' title='bbox 1457 1553 1659 1630; x_wconf 85' lang='lat' dir='ltr'>memoriam</span> <span class='ocrx_word' id='word_1_70' title='bbox 1675 1562 1711 1628; x_wconf 90' lang='lat' dir='ltr'>et</span> <span class='ocrx_word' id='word_1_71' title='bbox 1725 1553 1834 1626; x_wconf 92' lang='lat' dir='ltr'>robur</span> <span class='ocrx_word' id='word_1_72' title='bbox 1850 1573 1930 1647; x_wconf 86' lang='lat' dir='ltr'>per-</span> 
     </span>
     <span class='ocr_line' id='line_1_10' title="bbox 520 1675 1929 1775; baseline 0.003 -29"><span class='ocrx_word' id='word_1_73' title='bbox 520 1684 628 1771; x_wconf 90' lang='lat' dir='ltr'>petuo</span> <span class='ocrx_word' id='word_1_74' title='bbox 642 1675 847 1768; x_wconf 83' lang='lat' dir='ltr'>valiturum,</span> <span class='ocrx_word' id='word_1_75' title='bbox 868 1697 1010 1773; x_wconf 90' lang='lat' dir='ltr'>presens</span> <span class='ocrx_word' id='word_1_76' title='bbox 1026 1677 1193 1774; x_wconf 84' lang='lat' dir='ltr'>scriptum</span> <span class='ocrx_word' id='word_1_77' title='bbox 1209 1699 1408 1775; x_wconf 80' lang='lat' dir='ltr'>parmenus</span> <span class='ocrx_word' id='word_1_78' title='bbox 1424 1677 1661 1752; x_wconf 86' lang='lat' dir='ltr'>Bonibominis</span> <span class='ocrx_word' id='word_1_79' title='bbox 1675 1676 1722 1750; x_wconf 90' lang='lat' dir='ltr'>de</span> <span class='ocrx_word' id='word_1_80' title='bbox 1734 1676 1853 1750; x_wconf 87' lang='lat' dir='ltr'>Gaieta</span> <span class='ocrx_word' id='word_1_81' title='bbox 1868 1697 1929 1749; x_wconf 81' lang='lat' dir='ltr'>uo</span> 
     </span>
     <span class='ocr_line' id='line_1_11' title="bbox 521 1797 1930 1899; baseline 0 -27"><span class='ocrx_word' id='word_1_82' title='bbox 521 1799 601 1872; x_wconf 88' lang='lat' dir='ltr'>tarii</span> <span class='ocrx_word' id='word_1_83' title='bbox 620 1807 656 1871; x_wconf 90' lang='lat' dir='ltr'>et</span> <span class='ocrx_word' id='word_1_84' title='bbox 672 1797 786 1872; x_wconf 86' lang='lat' dir='ltr'>fidelis</span> <span class='ocrx_word' id='word_1_85' title='bbox 805 1800 913 1872; x_wconf 89' lang='lat' dir='ltr'>nostri</span> <span class='ocrx_word' id='word_1_86' title='bbox 937 1800 1039 1874; x_wconf 89' lang='lat' dir='ltr'>scribi</span> <span class='ocrx_word' id='word_1_87' title='bbox 1063 1811 1099 1876; x_wconf 87' lang='lat' dir='ltr'>et</span> <span class='ocrx_word' id='word_1_88' title='bbox 1121 1801 1216 1877; x_wconf 92' lang='lat' dir='ltr'>bulla</span> <span class='ocrx_word' id='word_1_89' title='bbox 1232 1824 1337 1877; x_wconf 88' lang='lat' dir='ltr'>aurea</span> <span class='ocrx_word' id='word_1_90' title='bbox 1358 1803 1494 1899; x_wconf 79' lang='lat' dir='ltr'>typario</span> <span class='ocrx_word' id='word_1_91' title='bbox 1517 1812 1634 1876; x_wconf 86' lang='lat' dir='ltr'>nostre</span> <span class='ocrx_word' id='word_1_92' title='bbox 1657 1800 1843 1894; x_wconf 87' lang='lat' dir='ltr'>majestatis</span> <span class='ocrx_word' id='word_1_93' title='bbox 1862 1799 1930 1872; x_wconf 94' lang='lat' dir='ltr'>im·</span> 
     </span>
     <span class='ocr_line' id='line_1_12' title="bbox 520 1922 1868 2020; baseline 0 -24"><span class='ocrx_word' id='word_1_94' title='bbox 520 1942 641 2018; x_wconf 82' lang='lat' dir='ltr'>pressa</span> <span class='ocrx_word' id='word_1_95' title='bbox 658 1922 876 2018; x_wconf 87' lang='lat' dir='ltr'>precepimus</span> <span class='ocrx_word' id='word_1_96' title='bbox 890 1926 1114 2018; x_wconf 88' lang='lat' dir='ltr'>communiri,</span> <span class='ocrx_word' id='word_1_97' title='bbox 1134 1947 1243 2018; x_wconf 90' lang='lat' dir='ltr'>anno,</span> <span class='ocrx_word' id='word_1_98' title='bbox 1261 1949 1381 2001; x_wconf 88' lang='lat' dir='ltr'>meuse</span> <span class='ocrx_word' id='word_1_99' title='bbox 1395 1937 1431 2000; x_wconf 90' lang='lat' dir='ltr'>et</span> <span class='ocrx_word' id='word_1_100' title='bbox 1446 1925 1635 2001; x_wconf 87' lang='lat' dir='ltr'>indictione</span> <span class='ocrx_word' id='word_1_101' title='bbox 1651 1924 1868 2020; x_wconf 88' lang='lat' dir='ltr'>subscriptis.</span> 
     </span>
    </p>

    <p class='ocr_par' dir='ltr' id='par_1_3' title="bbox 520 2047 1931 2513">
     <span class='ocr_line' id='line_1_13' title="bbox 570 2047 1927 2145; baseline 0.001 -27"><span class='ocrx_word' id='word_1_102' title='bbox 570 2048 697 2120; x_wconf 89' lang='lat' dir='ltr'>Datum</span> <span class='ocrx_word' id='word_1_103' title='bbox 718 2047 755 2118; x_wconf 93' lang='lat' dir='ltr'>in</span> <span class='ocrx_word' id='word_1_104' title='bbox 779 2047 920 2122; x_wconf 87' lang='lat' dir='ltr'>civitate</span> <span class='ocrx_word' id='word_1_105' title='bbox 943 2050 1172 2145; x_wconf 82' lang='lat' dir='ltr'>Messanensi,</span> <span class='ocrx_word' id='word_1_106' title='bbox 1198 2071 1290 2124; x_wconf 90' lang='lat' dir='ltr'>auno</span> <span class='ocrx_word' id='word_1_107' title='bbox 1315 2050 1489 2126; x_wconf 90' lang='lat' dir='ltr'>dominice</span> <span class='ocrx_word' id='word_1_108' title='bbox 1514 2049 1759 2123; x_wconf 88' lang='lat' dir='ltr'>incarnationis</span> <span class='ocrx_word' id='word_1_109' title='bbox 1782 2047 1927 2136; x_wconf 73' lang='lat' dir='ltr'>dccxl,</span> 
     </span>
     <span class='ocr_line' id='line_1_14' title="bbox 520 2171 1930 2270; baseline -0.002 -25"><span class='ocrx_word' id='word_1_110' title='bbox 520 2191 640 2245; x_wconf 87' lang='lat' dir='ltr'>meuse</span> <span class='ocrx_word' id='word_1_111' title='bbox 657 2171 833 2265; x_wconf 80' lang='lat' dir='ltr'>februarii,</span> <span class='ocrx_word' id='word_1_112' title='bbox 857 2175 921 2246; x_wconf 85' lang='lat' dir='ltr'>XV</span> <span class='ocrx_word' id='word_1_113' title='bbox 944 2174 1144 2267; x_wconf 90' lang='lat' dir='ltr'>indictione,</span> <span class='ocrx_word' id='word_1_114' title='bbox 1165 2176 1262 2270; x_wconf 83' lang='lat' dir='ltr'>regui</span> <span class='ocrx_word' id='word_1_115' title='bbox 1281 2197 1363 2248; x_wconf 87' lang='lat' dir='ltr'>vero</span> <span class='ocrx_word' id='word_1_116' title='bbox 1388 2175 1521 2249; x_wconf 92' lang='lat' dir='ltr'>domiui</span> <span class='ocrx_word' id='word_1_117' title='bbox 1540 2173 1646 2247; x_wconf 87' lang='lat' dir='ltr'>nostri</span> <span class='ocrx_word' id='word_1_118' title='bbox 1676 2171 1849 2246; x_wconf 79' lang='lat' dir='ltr'>Proderici</span> <span class='ocrx_word' id='word_1_119' title='bbox 1869 2173 1930 2244; x_wconf 87' lang='lat' dir='ltr'>Dei</span> 
     </span>
     <span class='ocr_line' id='line_1_15' title="bbox 521 2293 1931 2395; baseline -0.001 -29"><span class='ocrx_word' id='word_1_120' title='bbox 521 2293 632 2390; x_wconf 77' lang='lat' dir='ltr'>gratia</span> <span class='ocrx_word' id='word_1_121' title='bbox 656 2295 892 2387; x_wconf 81' lang='lat' dir='ltr'>gloriosissimi</span> <span class='ocrx_word' id='word_1_122' title='bbox 921 2297 1013 2391; x_wconf 78' lang='lat' dir='ltr'>regis</span> <span class='ocrx_word' id='word_1_123' title='bbox 1037 2299 1170 2392; x_wconf 88' lang='lat' dir='ltr'>Sicilie,</span> <span class='ocrx_word' id='word_1_124' title='bbox 1200 2298 1350 2373; x_wconf 86' lang='lat' dir='ltr'>ducatus</span> <span class='ocrx_word' id='word_1_125' title='bbox 1372 2299 1499 2395; x_wconf 80' lang='lat' dir='ltr'>Apulis</span> <span class='ocrx_word' id='word_1_126' title='bbox 1524 2309 1559 2372; x_wconf 90' lang='lat' dir='ltr'>et</span> <span class='ocrx_word' id='word_1_127' title='bbox 1582 2297 1796 2395; x_wconf 87' lang='lat' dir='ltr'>principatus</span> <span class='ocrx_word' id='word_1_128' title='bbox 1817 2294 1931 2390; x_wconf 88' lang='lat' dir='ltr'>Capue</span> 
     </span>
     <span class='ocr_line' id='line_1_16' title="bbox 523 2417 1074 2513; baseline 0 -19"><span class='ocrx_word' id='word_1_129' title='bbox 523 2439 615 2494; x_wconf 89' lang='lat' dir='ltr'>anno</span> <span class='ocrx_word' id='word_1_130' title='bbox 629 2419 674 2494; x_wconf 89' lang='lat'>111</span> <span class='ocrx_word' id='word_1_131' title='bbox 691 2417 754 2513; x_wconf 81' lang='lat' dir='ltr'>(a),</span> <span class='ocrx_word' id='word_1_132' title='bbox 775 2420 930 2494; x_wconf 78' lang='lat' dir='ltr'>feliciter.</span> <span class='ocrx_word' id='word_1_133' title='bbox 949 2424 1074 2496; x_wconf 88' lang='lat' dir='ltr'>Amen.</span> 
     </span>
    </p>
   </div>
   <div class='ocr_carea' id='block_1_3' title="bbox 343 2909 1935 3690">
    <p class='ocr_par' dir='ltr' id='par_1_4' title="bbox 343 2909 1930 3026">
     <span class='ocr_line' id='line_1_17' title="bbox 343 2909 1930 3026; baseline -0.004 -29"><span class='ocrx_word' id='word_1_134' title='bbox 343 2921 478 3026; x_wconf 54' lang='lat' dir='ltr'>m</span> <span class='ocrx_word' id='word_1_135' title='bbox 577 2913 788 2998; x_wconf 88' lang='lat' dir='ltr'>Fridericus</span> <span class='ocrx_word' id='word_1_136' title='bbox 819 2939 887 2996; x_wconf 84' lang='lat' dir='ltr'>rex</span> <span class='ocrx_word' id='word_1_137' title='bbox 918 2912 1086 3020; x_wconf 87' lang='lat' dir='ltr'>Siciliae,</span> <span class='ocrx_word' id='word_1_138' title='bbox 1106 2915 1145 2995; x_wconf 91' lang='lat' dir='ltr'>in</span> <span class='ocrx_word' id='word_1_139' title='bbox 1177 2911 1437 2998; x_wconf 87' lang='lat' dir='ltr'>Romanorum</span> <span class='ocrx_word' id='word_1_140' title='bbox 1470 2911 1735 3022; x_wconf 83' lang='lat' dir='ltr'>imperatorem</span> <span class='ocrx_word' id='word_1_141' title='bbox 1766 2909 1930 3014; x_wconf 85' lang='lat' dir='ltr'>electus,</span> 
     </span>
    </p>

    <p class='ocr_par' dir='ltr' id='par_1_5' title="bbox 352 3029 1935 3690">
     <span class='ocr_line' id='line_1_18' title="bbox 352 3029 1932 3157; baseline -0.003 -25"><span class='ocrx_word' id='word_1_142' title='bbox 352 3029 470 3073; x_wconf 56' lang='lat' dir='ltr'>“m‘&#39;</span> <span class='ocrx_word' id='word_1_143' title='bbox 525 3049 623 3132; x_wconf 83' lang='lat' dir='ltr'>Coro</span> <span class='ocrx_word' id='word_1_144' title='bbox 644 3046 782 3132; x_wconf 85' lang='lat' dir='ltr'>Montis</span> <span class='ocrx_word' id='word_1_145' title='bbox 799 3045 952 3157; x_wconf 86' lang='lat' dir='ltr'>Regalis</span> <span class='ocrx_word' id='word_1_146' title='bbox 969 3047 1250 3157; x_wconf 88' lang='lat' dir='ltr'>archiepiscopo</span> <span class='ocrx_word' id='word_1_147' title='bbox 1267 3047 1440 3130; x_wconf 86' lang='lat' dir='ltr'>concedit</span> <span class='ocrx_word' id='word_1_148' title='bbox 1462 3057 1506 3130; x_wconf 87' lang='lat' dir='ltr'>ut</span> <span class='ocrx_word' id='word_1_149' title='bbox 1531 3071 1665 3129; x_wconf 90' lang='lat' dir='ltr'>omnes</span> <span class='ocrx_word' id='word_1_150' title='bbox 1685 3043 1752 3154; x_wconf 88' lang='lat' dir='ltr'>qui</span> <span class='ocrx_word' id='word_1_151' title='bbox 1774 3067 1932 3152; x_wconf 88' lang='lat' dir='ltr'>posses-</span> 
     </span>
     <span class='ocr_line' id='line_1_19' title="bbox 524 3175 1931 3289; baseline -0.005 -26"><span class='ocrx_word' id='word_1_152' title='bbox 524 3179 650 3264; x_wconf 88' lang='lat' dir='ltr'>siones</span> <span class='ocrx_word' id='word_1_153' title='bbox 667 3189 798 3263; x_wconf 80' lang='lat' dir='ltr'>lenem</span> <span class='ocrx_word' id='word_1_154' title='bbox 813 3179 854 3260; x_wconf 93' lang='lat' dir='ltr'>in</span> <span class='ocrx_word' id='word_1_155' title='bbox 871 3179 1060 3262; x_wconf 87' lang='lat' dir='ltr'>territorio</span> <span class='ocrx_word' id='word_1_156' title='bbox 1077 3178 1249 3289; x_wconf 87' lang='lat' dir='ltr'>ejusdem</span> <span class='ocrx_word' id='word_1_157' title='bbox 1275 3179 1453 3262; x_wconf 87' lang='lat' dir='ltr'>ecclcsiae</span> <span class='ocrx_word' id='word_1_158' title='bbox 1473 3177 1603 3287; x_wconf 87' lang='lat' dir='ltr'>jurent</span> <span class='ocrx_word' id='word_1_159' title='bbox 1627 3177 1662 3260; x_wconf 91' lang='lat' dir='ltr'>ei</span> <span class='ocrx_word' id='word_1_160' title='bbox 1688 3175 1931 3276; x_wconf 67' lang='lat' dir='ltr'>fidelitatem,</span> 
     </span>
     <span class='ocr_line' id='line_1_20' title="bbox 524 3310 1935 3423; baseline -0.004 -26"><span class='ocrx_word' id='word_1_161' title='bbox 524 3313 669 3398; x_wconf 83' lang='lat' dir='ltr'>addens</span> <span class='ocrx_word' id='word_1_162' title='bbox 686 3323 730 3396; x_wconf 86' lang='lat' dir='ltr'>ut</span> <span class='ocrx_word' id='word_1_163' title='bbox 746 3312 957 3423; x_wconf 85' lang='lat' dir='ltr'>plenariam</span> <span class='ocrx_word' id='word_1_164' title='bbox 973 3310 1186 3396; x_wconf 87' lang='lat' dir='ltr'>libertatem</span> <span class='ocrx_word' id='word_1_165' title='bbox 1203 3312 1341 3396; x_wconf 85' lang='lat' dir='ltr'>babeat</span> <span class='ocrx_word' id='word_1_166' title='bbox 1358 3313 1397 3393; x_wconf 89' lang='lat' dir='ltr'>in</span> <span class='ocrx_word' id='word_1_167' title='bbox 1415 3311 1564 3394; x_wconf 88' lang='lat' dir='ltr'>civitate</span> <span class='ocrx_word' id='word_1_168' title='bbox 1580 3311 1769 3394; x_wconf 87' lang='lat' dir='ltr'>Panormo</span> <span class='ocrx_word' id='word_1_169' title='bbox 1786 3318 1824 3392; x_wconf 89' lang='lat' dir='ltr'>et</span> <span class='ocrx_word' id='word_1_170' title='bbox 1839 3333 1935 3418; x_wconf 90' lang='lat' dir='ltr'>pos—</span> 
     </span>
     <span class='ocr_line' id='line_1_21' title="bbox 524 3445 1933 3556; baseline -0.005 -26"><span class='ocrx_word' id='word_1_171' title='bbox 524 3448 574 3530; x_wconf 85' lang='lat' dir='ltr'>sit</span> <span class='ocrx_word' id='word_1_172' title='bbox 590 3447 631 3528; x_wconf 94' lang='lat' dir='ltr'>in</span> <span class='ocrx_word' id='word_1_173' title='bbox 648 3456 873 3556; x_wconf 85' lang='lat' dir='ltr'>perpetuum</span> <span class='ocrx_word' id='word_1_174' title='bbox 890 3445 1031 3530; x_wconf 83' lang='lat' dir='ltr'>habere</span> <span class='ocrx_word' id='word_1_175' title='bbox 1048 3445 1174 3530; x_wconf 87' lang='lat' dir='ltr'>curias</span> <span class='ocrx_word' id='word_1_176' title='bbox 1198 3453 1279 3529; x_wconf 89' lang='lat' dir='ltr'>tam</span> <span class='ocrx_word' id='word_1_177' title='bbox 1305 3445 1344 3527; x_wconf 92' lang='lat' dir='ltr'>iu</span> <span class='ocrx_word' id='word_1_178' title='bbox 1371 3445 1561 3530; x_wconf 86' lang='lat' dir='ltr'>Panormo</span> <span class='ocrx_word' id='word_1_179' title='bbox 1579 3469 1697 3555; x_wconf 88' lang='lat' dir='ltr'>quam</span> <span class='ocrx_word' id='word_1_180' title='bbox 1724 3470 1791 3554; x_wconf 88' lang='lat' dir='ltr'>per</span> <span class='ocrx_word' id='word_1_181' title='bbox 1812 3445 1933 3528; x_wconf 85' lang='lat' dir='ltr'>toturn</span> 
     </span>
     <span class='ocr_line' id='line_1_22' title="bbox 522 3605 700 3690; baseline -0.017 -27"><span class='ocrx_word' id='word_1_182' title='bbox 522 3605 700 3690; x_wconf 84' lang='lat' dir='ltr'>regnum.</span> 
     </span>
    </p>
   </div>
   <div class='ocr_carea' id='block_1_4' title="bbox 526 3733 1935 4435">
    <p class='ocr_par' dir='ltr' id='par_1_6' title="bbox 611 3733 1934 4032">
     <span class='ocr_line' id='line_1_23' title="bbox 611 3733 1934 3822; baseline -0.005 -22"><span class='ocrx_word' id='word_1_183' title='bbox 611 3739 702 3818; x_wconf 81' lang='lat' dir='ltr'>(lldlt.</span> <span class='ocrx_word' id='word_1_184' title='bbox 720 3756 767 3817; x_wconf 87' lang='lat' dir='ltr'>ep.</span> <span class='ocrx_word' id='word_1_185' title='bbox 787 3741 823 3800; x_wconf 89' lang='lat' dir='ltr'>L.</span> <span class='ocrx_word' id='word_1_186' title='bbox 841 3739 954 3812; x_wconf 80' lang='lat' dir='ltr'>Lumo,</span> <span class='ocrx_word' id='word_1_187' title='bbox 965 3740 1143 3802; x_wconf 74' lang='lat' dir='ltr'>Descrizioae</span> <span class='ocrx_word' id='word_1_188' title='bbox 1153 3737 1201 3802; x_wconf 78' lang='lat' dir='ltr'>del</span> <span class='ocrx_word' id='word_1_189' title='bbox 1211 3737 1277 3801; x_wconf 79' lang='lat' dir='ltr'>recl</span> <span class='ocrx_word' id='word_1_190' title='bbox 1288 3740 1418 3822; x_wconf 71' lang='lat' dir='ltr'>tropice</span> <span class='ocrx_word' id='word_1_191' title='bbox 1431 3745 1554 3802; x_wconf 84' lang='lat' dir='ltr'>morrcrt.</span> <span class='ocrx_word' id='word_1_192' title='bbox 1568 3733 1769 3812; x_wconf 67' lang='lat' dir='ltr'>romonolo,</span> <span class='ocrx_word' id='word_1_193' title='bbox 1784 3753 1837 3796; x_wconf 80' lang='lat' dir='ltr'>coa</span> <span class='ocrx_word' id='word_1_194' title='bbox 1850 3733 1876 3795; x_wconf 83' lang='lat' dir='ltr'>le</span> <span class='ocrx_word' id='word_1_195' title='bbox 1887 3751 1934 3794; x_wconf 84' lang='lat' dir='ltr'>or-</span> 
     </span>
     <span class='ocr_line' id='line_1_24' title="bbox 646 3841 1932 3928; baseline -0.003 -21"><span class='ocrx_word' id='word_1_196' title='bbox 646 3861 754 3907; x_wconf 80' lang='lat' dir='ltr'>rcrroz.</span> <span class='ocrx_word' id='word_1_197' title='bbox 770 3843 802 3906; x_wconf 86' lang='lat' dir='ltr'>di</span> <span class='ocrx_word' id='word_1_198' title='bbox 822 3845 907 3907; x_wconf 78' lang='lat' dir='ltr'>Miri.</span> <span class='ocrx_word' id='word_1_199' title='bbox 932 3845 965 3907; x_wconf 87' lang='lat' dir='ltr'>di</span> <span class='ocrx_word' id='word_1_200' title='bbox 988 3845 1120 3923; x_wconf 77' lang='lat' dir='ltr'>diudice,</span> <span class='ocrx_word' id='word_1_201' title='bbox 1134 3851 1225 3911; x_wconf 88' lang='lat' dir='ltr'>uotlz.</span> <span class='ocrx_word' id='word_1_202' title='bbox 1245 3865 1277 3928; x_wconf 87' lang='lat' dir='ltr'>p.</span> <span class='ocrx_word' id='word_1_203' title='bbox 1296 3857 1346 3926; x_wconf 80' lang='lat' dir='ltr'>tlt,</span> <span class='ocrx_word' id='word_1_204' title='bbox 1361 3849 1408 3923; x_wconf 85' lang='lat' dir='ltr'>X,</span> <span class='ocrx_word' id='word_1_205' title='bbox 1423 3866 1461 3910; x_wconf 82' lang='lat' dir='ltr'>ex</span> <span class='ocrx_word' id='word_1_206' title='bbox 1483 3847 1551 3910; x_wconf 88' lang='lat' dir='ltr'>coll.</span> <span class='ocrx_word' id='word_1_207' title='bbox 1565 3844 1696 3923; x_wconf 80' lang='lat' dir='ltr'>archiep.</span> <span class='ocrx_word' id='word_1_208' title='bbox 1710 3843 1833 3906; x_wconf 84' lang='lat' dir='ltr'>Arnaldl</span> <span class='ocrx_word' id='word_1_209' title='bbox 1850 3843 1886 3905; x_wconf 86' lang='lat' dir='ltr'>P.</span> <span class='ocrx_word' id='word_1_210' title='bbox 1900 3841 1932 3914; x_wconf 85' lang='grc' dir='ltr'>Ι,</span> 
     </span>
     <span class='ocr_line' id='line_1_25' title="bbox 646 3953 1061 4032; baseline 0.01 -18"><span class='ocrx_word' id='word_1_211' title='bbox 646 3953 743 4032; x_wconf 80' lang='lat' dir='ltr'>privil.</span> <span class='ocrx_word' id='word_1_212' title='bbox 752 3953 819 4027; x_wconf 83' lang='lat' dir='ltr'>XV,</span> <span class='ocrx_word' id='word_1_213' title='bbox 831 3954 885 4016; x_wconf 81' lang='lat' dir='ltr'>tol.</span> <span class='ocrx_word' id='word_1_214' title='bbox 901 3964 938 4016; x_wconf 80' lang='lat'>86</span> <span class='ocrx_word' id='word_1_215' title='bbox 951 3961 1061 4032; x_wconf 81' lang='lat' dir='ltr'>verso.)</span> 
     </span>
    </p>

    <p class='ocr_par' dir='ltr' id='par_1_7' title="bbox 526 4081 1935 4435">
     <span class='ocr_line' id='line_1_26' title="bbox 574 4081 1935 4183; baseline -0.007 -21"><span class='ocrx_word' id='word_1_216' title='bbox 574 4087 776 4163; x_wconf 82' lang='lat' dir='ltr'>Prodericus</span> <span class='ocrx_word' id='word_1_217' title='bbox 786 4087 907 4164; x_wconf 90' lang='lat' dir='ltr'>divina</span> <span class='ocrx_word' id='word_1_218' title='bbox 920 4093 1057 4166; x_wconf 83' lang='lat' dir='ltr'>favente</span> <span class='ocrx_word' id='word_1_219' title='bbox 1073 4091 1254 4166; x_wconf 88' lang='lat' dir='ltr'>clementia</span> <span class='ocrx_word' id='word_1_220' title='bbox 1271 4112 1334 4164; x_wconf 88' lang='lat' dir='ltr'>rex</span> <span class='ocrx_word' id='word_1_221' title='bbox 1347 4089 1475 4182; x_wconf 89' lang='lat' dir='ltr'>Sicilie,</span> <span class='ocrx_word' id='word_1_222' title='bbox 1488 4087 1635 4163; x_wconf 90' lang='lat' dir='ltr'>ducatus</span> <span class='ocrx_word' id='word_1_223' title='bbox 1646 4085 1774 4183; x_wconf 85' lang='lat' dir='ltr'>Apulis</span> <span class='ocrx_word' id='word_1_224' title='bbox 1790 4093 1825 4158; x_wconf 87' lang='lat' dir='ltr'>ct</span> <span class='ocrx_word' id='word_1_225' title='bbox 1839 4081 1935 4178; x_wconf 90' lang='lat' dir='ltr'>prin-</span> 
     </span>
     <span class='ocr_line' id='line_1_27' title="bbox 526 4204 1933 4315; baseline -0.009 -27"><span class='ocrx_word' id='word_1_226' title='bbox 526 4213 660 4311; x_wconf 86' lang='lat' dir='ltr'>cipatus</span> <span class='ocrx_word' id='word_1_227' title='bbox 679 4211 795 4310; x_wconf 83' lang='lat' dir='ltr'>Capua</span> <span class='ocrx_word' id='word_1_228' title='bbox 819 4224 855 4288; x_wconf 88' lang='lat' dir='ltr'>et</span> <span class='ocrx_word' id='word_1_229' title='bbox 875 4216 912 4288; x_wconf 94' lang='lat' dir='ltr'>iu</span> <span class='ocrx_word' id='word_1_230' title='bbox 931 4215 1160 4290; x_wconf 86' lang='lat' dir='ltr'>Romanorum</span> <span class='ocrx_word' id='word_1_231' title='bbox 1181 4215 1420 4313; x_wconf 86' lang='lat' dir='ltr'>imperatorem</span> <span class='ocrx_word' id='word_1_232' title='bbox 1442 4213 1571 4287; x_wconf 82' lang='lat' dir='ltr'>electus</span> <span class='ocrx_word' id='word_1_233' title='bbox 1586 4210 1652 4308; x_wconf 87' lang='lat' dir='ltr'>(l).</span> <span class='ocrx_word' id='word_1_234' title='bbox 1673 4207 1809 4315; x_wconf 83' lang='lat' dir='ltr'>Regalis</span> <span class='ocrx_word' id='word_1_235' title='bbox 1827 4204 1933 4302; x_wconf 78' lang='lat' dir='ltr'>gloria</span> 
     </span>
     <span class='ocr_line' id='line_1_28' title="bbox 528 4327 1933 4435; baseline -0.009 -23"><span class='ocrx_word' id='word_1_236' title='bbox 528 4339 689 4412; x_wconf 90' lang='lat' dir='ltr'>culminis</span> <span class='ocrx_word' id='word_1_237' title='bbox 714 4347 798 4412; x_wconf 89' lang='lat' dir='ltr'>tunc</span> <span class='ocrx_word' id='word_1_238' title='bbox 825 4337 931 4435; x_wconf 83' lang='lat' dir='ltr'>digne</span> <span class='ocrx_word' id='word_1_239' title='bbox 953 4339 1069 4414; x_wconf 87' lang='lat' dir='ltr'>landis</span> <span class='ocrx_word' id='word_1_240' title='bbox 1087 4339 1196 4413; x_wconf 87' lang='lat' dir='ltr'>titulis</span> <span class='ocrx_word' id='word_1_241' title='bbox 1218 4339 1370 4413; x_wconf 90' lang='lat' dir='ltr'>noscitur</span> <span class='ocrx_word' id='word_1_242' title='bbox 1387 4336 1561 4434; x_wconf 89' lang='lat' dir='ltr'>ampliari,</span> <span class='ocrx_word' id='word_1_243' title='bbox 1583 4357 1663 4409; x_wconf 90' lang='lat' dir='ltr'>cum</span> <span class='ocrx_word' id='word_1_244' title='bbox 1684 4332 1780 4430; x_wconf 77' lang='lat' dir='ltr'>regia</span> <span class='ocrx_word' id='word_1_245' title='bbox 1795 4327 1933 4404; x_wconf 89' lang='lat' dir='ltr'>munifi-</span> 
     </span>
    </p>
   </div>
   <div class='ocr_carea' id='block_1_5' title="bbox 569 4489 1490 4570">
    <p class='ocr_par' dir='ltr' id='par_1_8' title="bbox 569 4489 1490 4570">
     <span class='ocr_line' id='line_1_29' title="bbox 569 4489 1490 4570; baseline -0.001 -19"><span class='ocrx_word' id='word_1_246' title='bbox 569 4493 610 4567; x_wconf 83' lang='lat' dir='ltr'>(a)</span> <span class='ocrx_word' id='word_1_247' title='bbox 630 4489 721 4552; x_wconf 86' lang='lat' dir='ltr'>Stolo</span> <span class='ocrx_word' id='word_1_248' title='bbox 733 4491 1397 4570; x_wconf 78' lang='lat' dir='ltr'>impressis3rectetameuutlupreeoedcntl</span> <span class='ocrx_word' id='word_1_249' title='bbox 1409 4489 1490 4551; x_wconf 80' lang='lat' dir='ltr'>XIV.</span> 
     </span>
    </p>
   </div>
   <div class='ocr_carea' id='block_1_6' title="bbox 564 4669 1715 4751">
    <p class='ocr_par' dir='ltr' id='par_1_9' title="bbox 564 4669 1715 4751">
     <span class='ocr_line' id='line_1_30' title="bbox 564 4669 1715 4751; baseline -0.003 -19"><span class='ocrx_word' id='word_1_250' title='bbox 564 4676 602 4749; x_wconf 84' lang='lat' dir='ltr'>(l)</span> <span class='ocrx_word' id='word_1_251' title='bbox 620 4675 697 4734; x_wconf 85' lang='lat' dir='ltr'>Nmo</span> <span class='ocrx_word' id='word_1_252' title='bbox 709 4676 795 4751; x_wconf 86' lang='lat' dir='ltr'>primu</span> <span class='ocrx_word' id='word_1_253' title='bbox 809 4675 867 4735; x_wconf 83' lang='lat' dir='ltr'>vioe</span> <span class='ocrx_word' id='word_1_254' title='bbox 882 4675 955 4735; x_wconf 88' lang='lat' dir='ltr'>buno</span> <span class='ocrx_word' id='word_1_255' title='bbox 966 4676 1019 4736; x_wconf 87' lang='lat' dir='ltr'>sibi</span> <span class='ocrx_word' id='word_1_256' title='bbox 1030 4675 1180 4736; x_wconf 76' lang='lat' dir='ltr'>Fridsiors</span> <span class='ocrx_word' id='word_1_257' title='bbox 1192 4675 1298 4734; x_wconf 88' lang='lat' dir='ltr'>titolum</span> <span class='ocrx_word' id='word_1_258' title='bbox 1308 4675 1337 4733; x_wconf 92' lang='lat' dir='ltr'>in</span> <span class='ocrx_word' id='word_1_259' title='bbox 1347 4675 1404 4734; x_wconf 79' lang='lat' dir='ltr'>mis</span> <span class='ocrx_word' id='word_1_260' title='bbox 1416 4672 1563 4749; x_wconf 68' lang='lat' dir='ltr'>privilegiis</span> <span class='ocrx_word' id='word_1_261' title='bbox 1574 4669 1715 4730; x_wconf 84' lang='lat' dir='ltr'>adscribit.</span> 
     </span>
    </p>
   </div>
   <div class='ocr_carea' id='block_1_7' title="bbox 0 0 2176 5972">
    <p class='ocr_par' dir='ltr' id='par_1_10' title="bbox 0 0 2176 5972">
     <span class='ocr_line' id='line_1_31' title="bbox 0 0 2176 5972; baseline 0 0"><span class='ocrx_word' id='word_1_262' title='bbox 0 0 2176 5972; x_wconf 95' lang='lat' dir='ltr'> </span> 
     </span>
    </p>
   </div>
  </div>
 </body>
</html>
