4434 5942
267 567 429 654 lumem
720 565 918 627 tlls'toltta
945 561 1240 626 nlrtotlartcn.
1645 563 1686 624 (tu

268 707 380 797 ricus,
401 714 468 779 eto.
484 704 578 778 Licet
593 703 689 797 regie
702 703 916 776 liberalitatis
934 701 1147 774 immensitas
1166 699 1377 796 profectibus
1399 697 1618 772 subditomm
1632 701 1686 773 in·

269 831 412 906 tendere
424 828 639 924 benignitate
649 829 749 902 solita
763 837 932 919 lenmtnr,
952 827 1090 900 illorum
1107 825 1284 921 presertim
1296 823 1438 921 speciali
1455 822 1560 898 debet
1577 827 1687 920 made

269 955 437 1049 largitatis
453 954 645 1044 attendere,
661 975 810 1047 qnorum
826 974 915 1048 pnra
933 950 1111 1024 sinceritas
1127 971 1199 1044 qno
1217 951 1325 1044 major
1342 958 1536 1044 temporum
1552 949 1687 1022 incum-

269 1080 320 1152 bit
345 1079 534 1153 nenessitas
556 1078 593 1150 in
623 1078 720 1170 regie
743 1077 936 1152 serenitatis
961 1075 1139 1170 obsequiis
1167 1073 1353 1148 lerventior
1380 1073 1578 1148 exhibetur.
1602 1073 1688 1147 lnde

272 1211 326 1277 est
342 1203 535 1298 quodcum
548 1223 613 1276 nos
630 1201 814 1298 diiigenter
829 1199 1087 1275 attenderemus
1104 1209 1274 1295 qnantum
1291 1221 1368 1291 voe,
1387 1199 1545 1296 canonici
1560 1199 1687 1272 Panor-

270 1329 398 1402 mitane
413 1328 533 1402 matris
545 1326 703 1418 ecclesie,
717 1325 839 1400 fideles
851 1326 974 1417 nostri,
990 1325 1135 1397 summis
1149 1324 1412 1398 necessitatibus
1426 1324 1550 1396 nostris
1562 1324 1598 1395 in
1610 1345 1688 1419 per-

270 1453 364 1526 sonis
378 1461 413 1526 et
425 1453 532 1526 rebus
545 1451 669 1525 vestris
683 1449 808 1524 devote
825 1471 1026 1522 succurrere
1038 1450 1243 1523 curaveritis
1257 1459 1292 1522 et
1309 1458 1478 1543 qnantum
1496 1469 1560 1543 pro
1575 1449 1688 1522 salute

270 1576 376 1650 nostri
390 1577 552 1648 culminis
565 1585 601 1648 et
617 1575 772 1649 remedio
790 1575 985 1648 animarum
1001 1575 1108 1670 patris
1125 1583 1161 1648 et
1178 1574 1297 1647 matris
1321 1585 1436 1646 nostre
1454 1574 1585 1667 jugiter
1606 1594 1687 1648 ora·

270 1700 355 1772 tioni
370 1701 522 1792 vacatis,
542 1699 798 1776 considerantes
817 1699 922 1773 etiam
939 1699 1087 1794 qualiter
1110 1698 1232 1794 prelati
1256 1697 1318 1792 qni
1342 1697 1379 1769 in
1402 1697 1479 1792 ipsu
1503 1698 1688 1772 Panormi-

272 1835 351 1898 tana
367 1826 513 1898 ecelesia
530 1826 698 1900 haetenus
713 1827 915 1921 prefuerunt
927 1846 997 1896 nou
1012 1824 1150 1910 vestris,
1161 1823 1225 1896 sed
1242 1823 1316 1894 suis
1330 1830 1462 1894 tantum
1479 1823 1689 1918 profectibus

270 1958 305 2022 et
316 1949 438 2023 bononi
456 1960 682 2044 angmentum
699 1949 877 2044 acquirere
893 1947 1114 2039 studuerunt,
1132 1947 1258 2018 intuitu
1275 1946 1442 2018 Creatoris
1457 1947 1611 2018 omnium
1630 1947 1688 2020 eui

270 2083 394 2146 cuncta
411 2073 518 2146 nostri
534 2073 713 2167 regiminis
726 2073 939 2144 incrementa
955 2071 1145 2161 debemus,
1166 2091 1302 2144 necnon
1323 2069 1370 2142 ob
1391 2071 1525 2144 sincere
1544 2069 1624 2144 lidei
1653 2083 1689 2146 et

270 2196 358 2291 grati
380 2195 513 2270 servitii
529 2196 635 2268 vestri
650 2196 809 2268 meritum
826 2217 867 2268 ac
885 2196 989 2268 etium
1017 2217 1080 2292 pro
1106 2195 1261 2269 remedio
1283 2196 1479 2268 animarum
1506 2205 1686 2292 parentum

270 2329 462 2394 noetromm
480 2320 666 2394 recolende
690 2320 855 2394 memorie
871 2341 1021 2416 qnorum
1034 2342 1176 2416 corpora
1199 2323 1235 2392 in
1262 2320 1336 2416 ipsa
1361 2320 1600 2394 Panormitano
1623 2343 1688 2394 ec-

269 2443 375 2516 clesia
388 2443 628 2538 requiescunt3
647 2444 844 2516 interventu
858 2465 1000 2539 quoque
1013 2444 1177 2518 Gualterii
1192 2444 1307 2518 dilecti
1324 2444 1518 2516 cancellarii
1530 2453 1563 2518 et
1575 2443 1688 2520 lidelis

270 2567 397 2659 nostri,
417 2567 515 2641 titnlo
535 2567 745 2642 venditionis
761 2566 985 2642 concedimus
1010 2578 1045 2642 et
1073 2569 1244 2642 donamus
1262 2569 1364 2640 vobis
1378 2577 1413 2640 et
1430 2570 1705 2644 suecessoribus.

269 2693 394 2768 vestris
410 2693 447 2766 in
463 2705 688 2792 perpetuum,
705 2695 741 2766 in
757 2693 967 2768 beneficium
988 2704 1024 2768 et
1040 2707 1265 2788 angmentum
1284 2695 1540 2790 prebendarum
1556 2709 1687 2774 vestra·

269 2841 362 2910 rum,
382 2827 506 2892 terrum
519 2841 590 2915 qne
607 2819 734 2892 dicitur
747 2818 924 2892 Sabncnm
938 2840 1018 2892 cum
1031 2821 1192 2892 omnibus
1204 2819 1413 2912 tenimentis,
1425 2821 1687 2916 pertinentiiset

265 2943 409 3034 jnstitiis
424 2943 498 3016 suis
513 2943 622 3016 libere
646 2953 681 3016 et
705 2943 750 3016 ab
775 2943 870 3016 omni
889 2943 1031 3016 servitio
1044 2945 1256 3034 absolutam,
1281 2966 1345 3040 pro
1362 2966 1433 3040 qna
1458 2947 1554 3020 curie
1572 2957 1688 3024 nostre

269 3067 363 3140 XXV
382 3067 490 3142 millia
511 3075 647 3142 tarems
671 3067 821 3140 solvistis
836 3068 897 3162 qni
914 3069 1052 3142 luemnt
1076 3069 1112 3142 in
1139 3069 1258 3142 arduis
1281 3070 1381 3164 regni
1405 3073 1512 3144 nostri
1539 3074 1687 3168 negotiis

269 3191 457 3265 distributi.
473 3193 564 3266 Sane
576 3194 606 3266 si
623 3193 699 3288 ipea
716 3201 807 3267 terre
823 3193 950 3268 Sabnci
972 3195 1052 3290 plns
1069 3194 1187 3290 aliquo
1207 3204 1360 3291 tempore
1375 3197 1492 3270 valere
1509 3197 1686 3292 dignosci·

268 3325 337 3409 tnr‚
357 3315 445 3392 illud
462 3317 565 3392 vobis
582 3327 618 3391 et
633 3319 893 3392 successoribus
905 3320 1029 3392 vestris
1048 3318 1095 3394 de
1111 3320 1220 3414 gratia
1235 3320 1449 3394 liberalitatis
1461 3332 1578 3396 nostro
1593 3333 1687 3400 ento

268 3441 440 3516 donamus
455 3441 714 3516 munificentius
735 3453 865 3538 quanto
889 3443 1064 3539 quidquid
1087 3444 1229 3519 honoris
1248 3445 1383 3518 habetis
1397 3455 1433 3520 et
1449 3447 1622 3522 commodi
1638 3448 1686 3525 ad

267 3567 513 3640 exultationem
527 3576 562 3641 et
575 3568 719 3661 gloriam
742 3569 850 3640 nostri
868 3569 946 3641 solii
970 3566 1168 3644 redundare
1194 3569 1354 3661 videtnr;
1374 3579 1620 3646 statuentesut
1638 3574 1685 3649 de

178 3689 180 3694 ’
266 3689 463 3764 redditibus
476 3699 511 3764 et
525 3691 752 3786 proventibus
769 3692 881 3788 ipsius
903 3702 994 3765 terre
1014 3694 1141 3766 Sabuoi
1165 3693 1251 3766 nibil
1271 3695 1338 3767 sibi
1363 3695 1489 3791 aliquis
1504 3697 1687 3772 Panormi-

268 3823 372 3886 tanus
393 3814 673 3911 archiepiscopus
696 3815 827 3888 audeat
851 3816 1060 3906 vendicare,
1088 3817 1154 3891 sed
1180 3839 1313 3892 omnes
1329 3820 1488 3894 redditus
1515 3822 1626 3918 ipsius
1652 3835 1688 3900 et

267 3947 456 4032 proventus
478 3939 635 4032 ejusdem
662 3953 752 4013 terre
773 3940 902 4014 Sabuci
926 3941 1052 4014 vestris
1077 3950 1209 4014 lantum
1227 3942 1408 4038 proficiunt
1426 3946 1568 4036 usibus,
1585 3960 1620 4022 et
1644 3969 1687 4024 eo

266 4061 372 4136 modo
389 4063 480 4136 inter
495 4085 561 4138 voe
576 4062 864 4160 dividenturque
884 4065 1043 4140 redditus
1064 4067 1322 4162 prebendarum
1346 4077 1540 4142 vestrarum
1558 4093 1685 4166 quosu

268 4183 381 4261 doana
396 4196 512 4262 nostra
527 4189 687 4262 Panormi
709 4191 888 4264 annuatim
914 4191 1090 4287 percipitis
1117 4190 1337 4266 dividuntur.
1355 4191 1412 4266 Ad
1437 4194 1542 4286 hujus
1567 4205 1684 4270 autem

267 4310 498 4405 venditionis,
525 4315 757 4388 concessionis
779 4323 815 4388 et
839 4314 1036 4388 donationis
1061 4325 1177 4390 nostre
1204 4317 1404 4390 memoriam
1427 4327 1462 4390 et
1485 4319 1686 4396 inviolabile

268 4432 539 4530 firmamentum,
558 4459 702 4535 presens
718 4440 941 4536 privilegium
969 4463 1030 4536 per
1054 4463 1178 4515 manus
1198 4443 1339 4516 loannis
1361 4441 1408 4516 de
1430 4444 1599 4520 Neretone
1621 4467 1685 4522 no·

269 4560 346 4632 terii
356 4560 515 4636 etlidelis
531 4565 638 4636 nostri
651 4566 754 4638 scribi
770 4575 804 4640 et
821 4567 1010 4658 maiestatis
1022 4576 1139 4641 nostre
1152 4567 1265 4662 sigillo
1278 4568 1446 4662 jussimus
1462 4573 1681 4668 communiri,

267 4705 372 4778 anno,
392 4707 512 4762 mense
530 4697 565 4762 et
581 4687 771 4764 indictione
786 4691 1001 4787 subscriptis.
