4378 5954
254 577 353 638 imunt.
372 573 433 654 to]
703 567 901 630 HISTORIA
926 565 1221 630 btrnonertca.
1612 559 1668 623 121

256 712 376 784 innata
389 707 490 782 nobis
508 705 712 778 liberalitate
728 703 950 778 concedimus
965 713 999 775 et
1011 701 1266 797 confirmamus,
1278 695 1673 800 etc.(sic).[Sequcbatur

257 835 412 925 forsitan,
423 833 513 905 sicut
525 829 560 903 in
571 829 752 925 privilegio
763 829 979 902 Constantiae
991 829 1216 926 imperatricis
1228 827 1357 903 ibidem
1366 823 1669 924 expressop.t52‚

257 959 339 1033 dato
356 959 531 1048 Messana,
552 978 633 1030 ann.
658 956 766 1046 ttae,
782 975 900 1028 mcccc
914 955 1084 1047 januarii,
1102 956 1212 1051 prime
1227 953 1443 1043 indictionis,
1461 945 1672 1024 confirmatio

258 1083 455 1158 libertatum
481 1092 516 1156 et
540 1080 796 1178 possessionum
820 1079 1035 1172 monasterii,
1061 1101 1154 1174 quae
1177 1079 1307 1152 ibidem
1332 1074 1533 1151 nominatim
1558 1070 1673 1168 expri-

258 1211 432 1297 muntur.]

307 1335 394 1404 Data
412 1331 448 1402 in
464 1329 552 1402 urbo
571 1327 660 1401 ialici
675 1327 846 1420 Panormi,
866 1349 957 1401 anno
973 1327 1144 1402 dominice
1159 1323 1399 1400 incarnationis
1415 1321 1594 1396 millesimo
1608 1321 1674 1396 du·

259 1455 445 1531 contesimo
464 1463 580 1545 sexto,
608 1475 727 1526 mense
749 1452 973 1547 septembris,
995 1451 1128 1526 decime
1144 1449 1360 1543 indictionis,
1386 1447 1484 1544 regni
1509 1469 1591 1520 vcro
1610 1446 1673 1521 do·

261 1580 346 1653 mini
364 1579 470 1653 nostri
486 1577 656 1652 Frederici
671 1577 732 1650 Dei
751 1577 859 1672 gratia
880 1577 1114 1672 gloriosissimi
1131 1577 1222 1672 regis
1236 1575 1364 1666 Sicilie,
1385 1575 1532 1649 ducatus
1546 1570 1673 1669 Apulis

261 1712 297 1777 ct
311 1703 523 1802 principatus
536 1701 652 1799 Capue
666 1721 759 1774 enno
777 1721 882 1796 nono,
903 1701 1055 1776 feliciter.
1076 1703 1200 1776 Amen.

1203 1997 1451 2014 ..ιδ’-..ι-

316 2279 528 2366 Fridcricus
555 2308 622 2364 rex
646 2281 795 2366 Siciliae
821 2281 930 2364 iratri
954 2283 1122 2367 Gerardo
1147 2284 1332 2394 magistro
1359 2284 1498 2366 domus
1521 2281 1681 2365 Sanctae
1713 2303 1803 2402 Ἢ
1797 2297 1872 2409 ..¹:15⁶

266 2413 460 2496 Trinitatis
484 2417 585 2524 apud
607 2417 842 2498 Panormum
864 2427 902 2499 ct
923 2417 1056 2500 domui
1084 2415 1166 2526 ejus
1193 2416 1365 2500 mnoedt
1386 2416 1541 2499 barcam
1564 2439 1683 2499 unam
1728 2410 1854 2466 ''tm“

266 2548 317 2630 ad
334 2573 448 2630 nsum
466 2548 637 2657 piscandi
657 2549 696 2632 in
715 2551 813 2632 mari
830 2561 869 2635 et
882 2552 921 2632 in
938 2560 1051 2661 portu
1064 2552 1243 2635 Panormi
1261 2551 1379 2634 libere
1397 2561 1435 2634 ct
1452 2552 1534 2634 sine
1551 2549 1681 2659 aliquo

262 2679 350 2790 jure
366 2681 426 2764 val
444 2681 610 2764 datione.

347 2897 449 2978 (Edid-
465 2899 666 2974 Mcncrrcnn,
682 2899 779 2961 Mans.
795 2900 829 2962 S.
850 2901 955 2964 Trinit.
973 2919 1101 2963 monum.
1116 2899 1199 2978 trist,
1214 2918 1246 2980 p.
1264 2911 1311 2976 tr,
1326 2917 1374 2980 ap.
1390 2903 1574 2974 onmvruu,
1598 2897 1679 2960 Titos.

385 3005 522 3086 cctiqrtit.
538 3001 633 3074 seit„
650 3011 673 3066 t.
691 3007 784 3084 XIV.)

316 3193 355 3264 ln
369 3193 509 3268 nomine
521 3195 584 3268 Dei
598 3195 706 3267 eterni
724 3203 759 3268 et
777 3196 962 3268 Salvatoris
976 3197 1082 3268 nostri
1099 3199 1179 3270 lesu
1200 3195 1334 3268 Christi.
1351 3194 1473 3268 Amen.
1490 3195 1684 3269 Fridericus

268 3315 388 3390 divina
408 3319 545 3392 lavante
560 3319 739 3392 clementia
755 3341 819 3391 rex
832 3321 965 3412 Sicilie,
981 3321 1128 3394 ducatus
1143 3321 1267 3416 Apulia
1281 3330 1315 3394 et
1329 3321 1541 3417 principatus
1553 3321 1683 3416 Capua.

268 3441 372 3527 Quod
389 3444 613 3516 sacrosanctis
631 3443 786 3517 ecclesiis
803 3453 837 3516 at
852 3445 1110 3518 venerabilibus
1123 3445 1220 3532 locis,
1234 3445 1380 3518 Domino
1398 3444 1600 3540 inspirante,
1618 3447 1686 3518 lar-

189 3557 193 3565 ’
269 3567 384 3660 mmor
408 3568 535 3640 nostris
551 3567 769 3641 laudabiliter
785 3567 821 3640 in
837 3571 956 3642 erariis
974 3589 1237 3664 congregamus,
1254 3569 1406 3642 maxime
1428 3571 1511 3666 quia
1530 3569 1616 3642 nihil
1636 3569 1687 3643 sic

270 3691 403 3764 homini
432 3701 667 3788 perpetuatur,
687 3693 773 3764 nihil
793 3693 845 3765 sic
870 3695 905 3765 in
930 3695 1106 3790 proprium
1133 3695 1339 3790 possessoris
1361 3695 1492 3768 bonum
1519 3695 1689 3790 redigitur

269 3825 332 3888 aut
348 3836 439 3910 eque
459 3817 644 3889 collocatur
659 3818 696 3889 in
717 3827 792 3890 tuto
809 3819 900 3890 sicut
918 3819 1005 3891 illud
1024 3819 1121 3913 quod
1144 3841 1164 3892 a
1184 3819 1361 3892 donatario
1377 3821 1435 3916 pio
1453 3819 1610 3894 donatori
1632 3843 1687 3894 rc·

271 3941 379 4012 iertur
396 3941 592 4036 edibusque
615 3942 721 4014 sacris
743 3943 948 4038 applicatur.
968 3943 1159 4039 Eapropter
1185 3966 1249 4016 nos
1273 3945 1488 4018 attendentes
1519 3947 1686 4019 celebrem

271 4067 403 4140 cultum
432 4067 607 4162 religionis
625 4077 661 4141 at
686 4067 818 4141 ordinis
843 4069 1050 4141 contratrum
1078 4072 1201 4142 Sancte
1228 4069 1353 4162 Maria,
1381 4068 1545 4144 videlicet
1563 4071 1687 4143 domus

273 4191 451 4287 hospitalis
462 4192 749 4266 Thoutonicorum
760 4193 1050 4290 lerosolymitane,
1060 4207 1094 4267 et
1104 4194 1359 4268 considerantes
1366 4195 1525 4267 meritum
1539 4196 1687 4290 probita-

271 4318 316 4389 tis
332 4326 368 4390 et
382 4317 577 4390 devotionis
590 4319 703 4390 fratris
715 4318 855 4392 Gerardi
870 4319 1023 4412 magistri
1038 4319 1162 4394 domus
1173 4322 1296 4392 Sancte
1306 4319 1476 4392 Trinitatis
1493 4330 1687 4392 constructe

273 4441 363 4514 intra
380 4441 495 4516 menia
520 4441 668 4515 civitatis
686 4453 799 4516 nostre
819 4444 995 4534 Panormi,
1012 4445 1155 4538 predicti
1175 4444 1353 4538 hospitalis
1370 4443 1483 4516 ordini
1501 4467 1522 4516 a
1541 4445 1607 4540 piis
1622 4468 1686 4518 au·
1777 4473 1779 4478 ·

273 4567 385 4657 gustis
402 4565 494 4640 divis
513 4567 713 4661 parentibus
737 4568 861 4640 nostris
884 4569 974 4642 bone
989 4569 1153 4642 memorie
1176 4567 1394 4642 laudabiliter
1417 4589 1596 4659 concesse,
1623 4591 1685 4665 pro

274 4690 385 4764 salute
399 4701 513 4764 nostra
529 4713 662 4765 necnon
681 4703 716 4765 et
732 4715 793 4788 pro
807 4693 960 4766 remedio
976 4693 1169 4766 animarum
1184 4694 1336 4788 ipsorum
1351 4703 1532 4788 parentum
1548 4704 1582 4766 et
1599 4695 1686 4767 alio-

353 4815 380 4880 1.
1488 4828 1525 4880 re
