4382 5946
545 563 608 626 284
1048 564 1262 628 tatbssatct
1287 565 1460 628 stcttttut
1770 561 1848 644 [Arta.
1866 563 1956 626 tata

548 699 683 793 aliquid
702 699 754 772 eis
772 699 874 795 culpe
893 699 1045 773 bumana
1058 701 1248 794 tragilitatis
1265 702 1450 793 inbaserit,
1469 699 1665 774 elemosinis
1685 708 1721 772 et
1743 701 1958 773 orationibus

549 824 711 897 vivorum
729 822 898 896 doleatur.
917 824 1043 896 Notum
1066 824 1172 918 igitur
1191 847 1268 899 esse
1283 827 1465 916 volumus,
1487 825 1649 898 omnibus
1669 833 1862 918 proeentem
1885 847 1956 920 pa-

548 949 665 1044 ginam
681 947 886 1042 inspecturis
900 957 970 1022 tam
987 949 1153 1043 presentis
1168 950 1268 1024 etatis
1283 971 1389 1044 mam
1406 949 1612 1046 posteritatis
1631 968 1843 1040 successum,
1858 947 1954 1042 quod

549 1093 613 1146 nos
628 1094 670 1146 eu
684 1071 742 1144 dia
756 1093 826 1166 quo
838 1093 963 1168 corpus
978 1073 1143 1146 carissimi
1156 1074 1269 1168 patrui
1283 1073 1389 1147 nostri
1405 1073 1555 1170 Philippi
1572 1073 1710 1167 gloriosi
1723 1073 1952 1144 llomanomm

549 1196 642 1292 regis
660 1196 817 1290 augusti,
836 1197 1035 1268 translatum
1051 1218 1072 1270 a
1090 1197 1230 1271 civitate
1246 1197 1524 1292 Babenbergcnsi
1540 1197 1602 1269 ubi
1620 1197 1818 1269 innocenter
1834 1207 1870 1269 et
1883 1205 1950 1269 tam

548 1321 734 1394 crudeliter
747 1341 852 1415 quam
870 1320 1106 1394 fraudulenter
1116 1321 1291 1412 occubuit,
1306 1321 1343 1394 in
1361 1321 1512 1418 Spirensi
1528 1321 1686 1413 ecclesia,
1703 1319 1749 1393 ad
1766 1319 1869 1392 busta
1884 1321 1951 1392 im·

547 1455 743 1544 paratorum
767 1453 802 1518 et
827 1465 950 1539 regum
973 1453 1152 1540 parentum
1170 1455 1205 1518 et
1228 1455 1483 1520 antecessorum
1504 1454 1718 1536 nostrorum,
1737 1444 1800 1538 qui
1824 1443 1950 1517 ibidem

549 1570 674 1667 sepulti
688 1578 770 1642 sunt
784 1569 930 1641 fecimus
944 1568 1080 1664 sepeliri
1097 1568 1169 1664 (l),
1184 1569 1230 1643 ad
1246 1569 1411 1644 honorem
1421 1571 1484 1644 Dei
1501 1581 1536 1644 et
1549 1571 1655 1644 Beato
1670 1569 1777 1642 blarie
1788 1569 1948 1663 Virginis,

547 1695 584 1767 in
600 1697 700 1787 cujus
724 1693 855 1766 bonore
872 1693 1017 1766 ccclesia
1039 1693 1210 1788 Spirensis
1226 1705 1278 1766 est
1295 1694 1459 1788 tundata,
1481 1703 1516 1769 ot
1535 1695 1582 1768 ob
1599 1695 1745 1766 salutem
1760 1693 1949 1766 animarum

547 1817 664 1892 dilecti
689 1817 796 1912 patrie
820 1816 926 1890 nostri
952 1816 1103 1890 Heinrici
1128 1817 1237 1890 incliti
1259 1819 1490 1893 Romanorum
1515 1819 1729 1917 imperatoris
1755 1820 1892 1914 augusti
1917 1828 1950 1890 ct

547 1942 639 2036 regis
664 1940 795 2032 Sicilie,
823 1947 858 2012 et
878 1937 1035 2033 jamdicti
1056 1939 1226 2012 karissimi
1250 1941 1363 2038 patrui
1389 1943 1494 2016 nostri
1515 1945 1607 2036 regis
1634 1942 1802 2038 Philippi,
1822 1943 1949 2015 liuma-

549 2087 672 2139 norum
687 2064 779 2158 regis
795 2064 946 2160 augusti,
965 2064 1067 2136 simul
1083 2087 1223 2162 quoquo
1239 2088 1301 2162 pro
1314 2067 1498 2140 animabus
1515 2068 1661 2140 aliomm
1678 2075 1858 2162 parentum
1872 2087 1949 2138 nos-

548 2179 701 2279 trorum,
716 2188 894 2262 ecclesiam
912 2189 949 2260 in
962 2189 1180 2284 Esselingon,
1194 2212 1265 2285 que
1276 2191 1356 2283 jure
1368 2191 1575 2265 hereditarie
1590 2190 1805 2287 proprietatis
1824 2189 1871 2262 ad
1890 2211 1950 2263 nos

549 2313 759 2410 pertinebat,
769 2311 934 2405 jamdicta
948 2313 1093 2386 ecclesie
1106 2315 1258 2409 Spirensi
1272 2315 1458 2388 liberaliter
1471 2315 1697 2388 tradidimus:
1711 2314 1873 2387 videlicet
1882 2323 1948 2386 tam

546 2438 583 2510 in
602 2439 681 2530 jore
701 2445 901 2533 patronatus
918 2459 1023 2532 quam
1040 2437 1077 2510 in
1097 2437 1259 2511 omnibus
1279 2439 1357 2512 aliis
1373 2437 1505 2534 quoad
1521 2439 1632 2536 ipsam
1652 2439 1835 2512 ecclesiam
1851 2439 1949 2511 lisse-

546 2561 664 2656 lingen
681 2562 861 2666 pertinere
885 2582 956 2635 non
973 2561 1189 2650 dubitantur,
1211 2563 1311 2654 dote,
1332 2563 1497 2652 decimis,
1518 2563 1716 2636 bominibus
1733 2571 1769 2636 et
1784 2560 1949 2658 quioquid

546 2685 711 2782 estquod
729 2684 902 2782 adipeam
918 2685 1097 2758 ecclesiam
1109 2697 1264 2784 spectare
1282 2687 1517 2782 cognoscitnr3
1534 2688 1581 2760 ita
1594 2687 1689 2781 quod
1702 2685 1858 2758 universi
1871 2707 1948 2782 pru·

545 2819 680 2884 uentus·
690 2831 751 2883 seu
770 2809 929 2882 redditus
947 2811 1188 2905 provenientes
1205 2811 1451 2906 quoquomodo
1463 2811 1509 2884 ab
1525 2809 1600 2907 ipsa
1613 2811 1768 2902 ccclesia,
1780 2811 1874 2901 dote,
1887 2809 1948 2882 da·

548 2934 665 3027 cimis,
684 2934 940 3026 oblacionibus,
965 2934 1041 3006 sina
1068 2933 1156 3008 lictis
1178 2935 1455 3010 oblocutionibus
1470 2935 1520 3034 (a)
1538 2936 1663 3010 cedant
1685 2934 1732 3007 ad
1754 2955 1950 3006 communes

548 3079 635 3130 usus
654 3057 871 3131 dominorum
894 3057 1136 3130 canonicorum
1154 3057 1325 3154 Spirensis
1346 3061 1510 3153 ecclesie,
1531 3071 1565 3134 et
1584 3060 1620 3131 in
1639 3079 1759 3132 eorum
1777 3059 1950 3132 voluntate

548 3189 583 3255 et
596 3181 737 3256 arbitrio
752 3182 797 3253 sit
809 3189 913 3275 atque
922 3181 1095 3272 facultate,
1110 3181 1199 3254 sicut
1209 3183 1392 3275 voluerint,
1409 3182 1455 3256 do
1467 3183 1542 3280 ipsa
1557 3181 1701 3256 ecclesia
1713 3181 1873 3255 ordinare
1883 3205 1892 3249 :
1904 3179 1950 3254 ad

546 3306 614 3380 boo
632 3315 671 3378 nt
693 3305 760 3402 ipsi
783 3303 972 3378 studiosius
997 3313 1032 3378 et
1056 3327 1136 3378 cum
1158 3307 1287 3400 maJ'ore
1310 3306 1495 3382 devotione
1515 3305 1768 3380 anniversarios
1789 3315 1860 3378 mm
1883 3327 1951 3402 pa-

547 3430 623 3520 tris,
643 3439 713 3502 mm
732 3427 805 3526 (o'c)
825 3429 935 3526 patrui
954 3428 1060 3504 nostri
1077 3429 1230 3504 recolant
1253 3439 1289 3503 et
1308 3429 1468 3504 ordinent
1486 3429 1664 3505 celebrari.
1683 3429 1727 3504 Ut
1746 3437 1863 3502 autem
1888 3427 1951 3500 heo

546 3554 663 3626 omnia
680 3561 844 3650 perpetua
860 3552 1018 3626 firmitate
1040 3552 1193 3626 subnixa
1209 3563 1449 3650 permaneant,
1470 3573 1611 3650 presens
1633 3551 1855 3650 privilegium
1871 3549 1950 3624 inda

548 3677 718 3750 conscribi
739 3679 906 3770 jussimus
933 3687 968 3751 et
991 3677 1105 3774 sigillo
1122 3677 1309 3772 majestatis
1327 3687 1442 3752 nostre
1462 3677 1684 3770 communiri;
1705 3685 1894 3750 statuentes
1917 3681 1952 3746 et

548 3801 797 3877 districtissimo
825 3803 1052 3898 precipientes
1080 3811 1120 3874 ut
1145 3823 1247 3876 nemo
1279 3803 1324 3876 sit
1351 3825 1505 3900 unquam
1528 3803 1590 3898 qui
1618 3801 1709 3875 hano
1733 3799 1950 3874 donationem

548 3934 699 4000 nosuam
718 3927 834 4022 aliquo
851 3925 956 3999 modo
972 3925 1159 4020 intringere
1168 3936 1355 4023 presumat.
1363 3927 1465 4015 Quod
1480 3927 1542 4024 qui
1558 3928 1672 4000 tacere
1684 3921 1948 4020 attemptaverit,

589 4101 632 4184 (a)
654 4105 691 4166 m
703 4103 804 4166 oue
815 4099 1135 4166 menstruatarum.

581 4395 617 4471 (t)
638 4416 652 4452 ι
665 4396 816 4454 laidet-icus
827 4411 874 4454 rar
884 4393 996 4470 apulias
1013 4401 1042 4452 et
1057 4394 1229 4453 Alamanniae
1241 4393 1343 4452 cariam
1356 4393 1490 4452 celebrem
1502 4393 1584 4452 babet
1593 4393 1688 4468 Spirae
1699 4393 1728 4450 in
1739 4389 1843 4449 Natals.
1854 4389 1905 4460 Qui
1917 4389 1951 4446 da

547 4495 660 4552 consilio
672 4495 818 4552 amicorum
833 4509 958 4566 suorum,
973 4508 1071 4567 corpus
1088 4492 1180 4568 patrui
1197 4491 1240 4550 sui
1256 4491 1370 4566 Philippi
1383 4491 1454 4565 regis
1466 4491 1500 4549 de
1512 4490 1667 4565 &verbera
1681 4533 1688 4548 .
1706 4533 1713 4547 .
1730 4531 1738 4546 .
1754 4530 1762 4545 .
1777 4487 1841 4546 lacit
1853 4487 1951 4546 detaut

549 4592 642 4666 Spirae
660 4598 687 4648 et
705 4591 743 4648 ibi
761 4590 868 4666 sepeliri
889 4590 917 4646 in
931 4590 1045 4649 ecclesia
1055 4589 1217 4662 honorifica,
1232 4589 1279 4647 ubi
1291 4590 1483 4664 imperatorum
1496 4595 1524 4648 et
1536 4605 1629 4664 rogum
1640 4603 1752 4664 corpora
1763 4586 1881 4662 plurium
1891 4589 1952 4643 arnt

550 4685 689 4747 tumulata
701 4711 713 4744 r
724 4689 841 4759 Ratun.
851 4689 937 4748 buon.
951 4704 995 4765 ap.
1011 4689 1161 4760 Bonna,
1176 4689 1290 4756 amas,
1304 4694 1324 4746 t.
1340 4688 1380 4762 11,
1394 4704 1423 4763 p.
1437 4691 1499 4748 ott.
