4434 5942
509 525 551 589 as
963 573 967 582 .
1009 522 1224 588 rnrnnaror
1249 525 1422 588 snccnnr
1732 527 1813 606 [nu.
1832 528 1920 592 nea.

512 663 549 734 in
566 661 636 733 ritu
657 670 772 734 vestro
790 681 946 734 sanasse
963 661 1129 734 hactenus
1149 671 1185 733 et
1202 661 1318 734 adbuc
1340 681 1480 734 servare
1504 661 1652 755 rigorem
1667 671 1708 734 ut
1726 660 1832 738 tidem
1851 660 1923 738 do—

512 786 617 858 minis
643 785 767 860 restris
793 789 896 878 juxta
918 807 1047 858 morem
1075 794 1229 858 vestrum
1258 785 1448 858 exhibitam
1471 781 1693 860 servaveritis
1717 796 1753 858 et
1780 789 1924 862 servetis

512 910 644 984 illesam
661 931 815 983 neceam
834 910 1004 984 duxeritis
1018 909 1204 1005 aliquando
1215 909 1414 984 violandam
1426 934 1435 978 ε
1449 909 1546 1004 quod
1559 909 1595 981 in
1612 912 1704 982 laeto
1713 911 1924 987 Murcovuldi

512 1043 673 1130 optamus
690 1034 905 1106 manifestius
922 1035 1090 1128 experiri,
1116 1044 1157 1105 ut
1178 1056 1243 1107 vos
1263 1057 1329 1107 nec
1350 1035 1637 1129 promissionibus
1661 1035 1798 1108 allicere
1816 1037 1925 1131 possit

514 1179 579 1230 neo
604 1158 708 1230 minis
725 1168 784 1230 aut
804 1158 968 1232 violentia
992 1158 1165 1231 deterrere
1188 1159 1272 1253 quin
1297 1159 1333 1230 in
1357 1153 1523 1230 fidelitate
1543 1157 1712 1232 carissimi
1732 1159 1768 1230 in
1790 1157 1923 1236 Clnislo

513 1279 574 1354 lilii
592 1283 698 1356 nostri
715 1283 752 1354 F.
768 1282 883 1354 Sicilie
897 1282 988 1377 regis
1005 1281 1148 1355 illustris
1162 1279 1309 1356 fideliter
1326 1282 1515 1378 persistatis
1532 1290 1572 1354 nt
1588 1281 1699 1378 ipsius
1712 1282 1923 1358 Marcovaldi

509 1406 676 1480 resistatis
693 1407 872 1481 conatibus
894 1407 1038 1480 viriliter
1056 1417 1090 1479 et
1107 1415 1275 1502 potenter.
1300 1407 1360 1491 llla
1377 1407 1504 1480 etenim
1524 1405 1561 1478 in
1580 1407 1825 1503 temporalibus
1842 1407 1924 1482 dis-

510 1531 662 1604 cretione
675 1532 803 1624 vigetis
818 1541 858 1605 ut
875 1541 910 1604 et
923 1532 1017 1604 bona
1039 1529 1274 1604 discernentes
1292 1554 1313 1604 a
1328 1531 1428 1605 malis
1440 1540 1476 1604 et
1491 1553 1513 1604 a
1528 1531 1630 1604 bunis
1648 1532 1751 1604 etiarn
1765 1533 1918 1624 meliora,

510 1657 681 1752 despectis
699 1664 734 1729 et
754 1656 898 1749 abjectis
919 1656 1094 1750 pessimis,
1112 1657 1243 1752 optimu
1258 1656 1412 1750 quelibet
1432 1656 1580 1751 eligatis.
1602 1655 1717 1729 Nostis
1732 1657 1919 1751 siquidem,

511 1779 602 1852 sicut
619 1779 812 1872 credimus,
830 1801 876 1852 ex
895 1781 1015 1854 auditu
1036 1780 1336 1854 mansuetudinem
1354 1779 1552 1877 Apostolice
1570 1779 1669 1852 Sedis
1689 1800 1761 1875 que
1780 1780 1833 1853 sio
1855 1803 1923 1856 su·-

511 1903 631 2000 pcrbie
653 1903 780 1977 resistit
802 1912 840 1977 ut
865 1904 1055 1977 humilibus
1076 1915 1111 1978 ct
1132 1905 1296 1999 subjectis
1317 1904 1378 1979 det
1394 1905 1553 2000 gratiam.
1580 1904 1695 1978 Nostis
1714 1912 1749 1977 et
1769 1923 1832 2000 per
1854 1925 1924 1979 ex·

511 2027 714 2122 parientiam
732 2028 950 2126 tyrannidem
968 2029 1179 2104 Marcovaldi
1197 2051 1266 2124 qne
1283 2029 1337 2102 his
1353 2027 1436 2102 solis
1451 2029 1559 2124 parcit
1571 2029 1702 2122 quibus
1717 2047 1841 2103 nocere
1852 2049 1922 2104 non

511 2160 636 2249 potest.
663 2151 734 2226 Sed
760 2153 850 2226 sevit
871 2162 966 2227 tanto
990 2155 1111 2228 lortius
1138 2155 1372 2247 insubjectus
1392 2163 1524 2249 quanto
1551 2174 1590 2226 sc
1615 2154 1763 2249 amplius
1789 2154 1825 2226 in
1846 2157 1922 2248 ejus

513 2277 711 2350 curaverint
730 2276 913 2350 humiliare
930 2287 1136 2374 conspectu,
1156 2279 1352 2353 retribuens
1367 2280 1458 2352 mala
1474 2300 1538 2375 pro
1552 2277 1653 2352 bonis
1668 2287 1702 2352 et
1718 2279 1838 2352 odium
1858 2298 1923 2374 pro

512 2399 695 2475 dilectione
711 2402 921 2499 rependens,
943 2403 1033 2474 siout
1049 2424 1095 2476 ex
1112 2405 1188 2496 ejus
1202 2411 1295 2498 patet
1317 2402 1481 2498 operibns
1502 2401 1694 2475 manileate.
1711 2401 1814 2474 Scitis
1829 2403 1921 2474 enim

512 2526 660 2621 qualiter
674 2547 733 2599 eos
748 2548 895 2621 quornm
911 2528 1090 2600 vocatione
1106 2527 1188 2600 olim
1211 2547 1291 2600 enm
1310 2527 1451 2600 domino
1472 2547 1537 2600 suo
1553 2548 1703 2621 regnum
1721 2525 1919 2617 intraverat,

511 2671 659 2746 qnorum
679 2649 874 2746 proditione
890 2661 1118 2746 occupaverat
1131 2651 1230 2746 regni
1245 2672 1362 2741 arces,
1381 2651 1488 2724 immo
1504 2650 1609 2724 etiam
1633 2659 1742 2722 toturn
1758 2671 1919 2745 regnum,

512 2795 583 2848 non
607 2776 719 2848 solnm
739 2775 901 2848 omnibus
922 2775 1024 2848 bonis
1047 2775 1166 2848 lecerit
1190 2776 1347 2871 spoliari,
1372 2774 1437 2850 scd
1457 2772 1736 2848 animadvertens
1758 2775 1862 2848 ctiam
1886 2775 1922 2848 in

514 2920 690 2996 personas,
708 2920 768 2972 eos
786 2900 822 2971 in
839 2899 984 2972 exilium
999 2898 1226 2973 destinaverit
1244 2909 1280 2972 et
1293 2899 1432 2974 tandem
1447 2899 1566 2972 lecerit
1581 2898 1746 2972 mutilari.
1766 2897 1924 2972 Audistis

516 3023 609 3098 enim
628 3031 664 3095 ct
683 3021 820 3095 vidistis
838 3021 1086 3097 immanitatem
1105 3023 1229 3118 ipsius,
1252 3021 1399 3118 qualiter
1412 3023 1608 3096 sacerdotes
1624 3032 1660 3096 et
1677 3021 1762 3096 alios
1774 3023 1921 3120 precipi-

516 3147 596 3221 turit
610 3147 647 3218 in
671 3147 775 3240 mari,
795 3147 942 3242 qualiter
961 3147 1088 3220 multos
1105 3147 1254 3220 flammis
1268 3147 1456 3238 exusserit,
1482 3147 1632 3242 qualiter
1653 3167 1774 3220 omncs
1796 3155 1831 3220 et
1847 3147 1924 3218 sin-

515 3273 615 3368 gulos
631 3271 822 3367 flagellarit.
836 3271 1030 3366 Intelligere
1042 3270 1185 3366 quidem
1198 3291 1263 3345 vos
1277 3271 1451 3344 credimus
1462 3279 1497 3344 ct
1508 3291 1571 3368 pro
1584 3270 1683 3346 llrmo
1697 3281 1814 3346 tenere
1826 3271 1924 3367 qnod

514 3397 544 3470 si
560 3396 756 3470 christianis
769 3396 845 3490 ejus
862 3396 985 3470 oculus
1000 3417 1070 3468 non
1086 3395 1257 3492 pepercit,
1276 3417 1346 3470 non
1362 3404 1519 3492 parceret
1537 3397 1641 3470 etiam
1665 3398 1861 3491 Saracenis,
1887 3399 1923 3470 in

512 3545 602 3618 quos
624 3530 719 3596 tanto
735 3521 862 3594 seviret
877 3519 1021 3594 liberius
1037 3529 1167 3616 quanto
1189 3541 1227 3594 sc
1245 3521 1360 3614 maius
1377 3519 1533 3596 crederet
1548 3521 1757 3619 obsequium
1772 3531 1925 3619 prestare

511 3651 598 3738 Deo,
614 3645 824 3720 effundendo
841 3644 1046 3739 sanguinem
1062 3663 1289 3740 paganorum.
1309 3645 1378 3730 Qui
1400 3643 1495 3720 enim
1515 3644 1552 3718 in
1570 3645 1872 3722 communionum
1890 3653 1925 3720 et

513 3771 646 3846 domini
668 3770 723 3843 sui
746 3769 856 3841 tilium
872 3769 933 3863 qui
956 3790 1036 3842 eum
1061 3768 1107 3842 de
1132 3769 1277 3865 pulvere
1296 3768 1476 3844 suscitavit
1494 3779 1529 3844 et
1547 3771 1661 3845 erexit
1686 3769 1733 3846 dc
1751 3779 1919 3862 stercore,

514 3893 726 3990 conjuravit,
757 3901 897 3966 etcum
923 3900 1078 3967 materna
1105 3893 1227 3966 nititur
1252 3894 1468 3989 possessione
1492 3893 1653 3989 privare,
1678 3897 1923 3992 malignaretur

512 4020 668 4097 severius
692 4019 730 4091 in
757 4016 987 4112 alienigenas,
1016 4017 1122 4090 immo
1144 4017 1182 4089 in
1202 4018 1343 4092 alterins
1363 4019 1449 4090 ritus
1473 4025 1509 4092 et
1529 3997 1748 4094 observantie
1766 4019 1922 4116 dispares

511 4147 668 4220 nationes
687 4163 835 4238 quarum
851 4141 1021 4236 sangnine
1039 4163 1120 4214 suas
1137 4142 1208 4216 sitit
1224 4142 1395 4218 inebriare
1410 4147 1554 4238 sagittas
1570 4153 1607 4218 et
1620 4145 1777 4241 gladium
1796 4167 1920 4219 eruen-

510 4281 603 4362 tare,
628 4267 745 4364 etqui
768 4273 886 4339 contra
907 4267 1053 4339 salutem
1081 4266 1196 4340 anime
1216 4289 1280 4342 sue
1304 4267 1567 4348 christianorum
1592 4268 1868 4366 diripitspolia,
1892 4269 1923 4342 si

511 4404 630 4469 contra
653 4413 711 4465 eos
728 4391 786 4464 vel
808 4391 933 4464 astutia
958 4391 1017 4464 vel
1035 4390 1199 4464 violentia
1222 4393 1413 4488 prevaleret
1434 4395 1481 4469 ad
1505 4417 1609 4468 snum
1634 4415 1699 4468 vos
1723 4392 1923 4467 subsidium

512 4519 613 4594 vanis
629 4515 912 4614 promissionibus
928 4514 1121 4607 invitando,
1136 4514 1276 4590 divitias
1292 4526 1424 4592 vespas
1435 4519 1575 4617 penitus
1587 4517 1786 4592 exhauriret
1800 4525 1835 4592 et
1849 4515 1922 4590 suis

511 4644 611 4718 daret
630 4643 667 4714 in
684 4641 839 4737 predam.
860 4643 950 4716 Sane
968 4662 1033 4715 nec
1051 4641 1287 4734 juramentum
1308 4641 1409 4717 vobis
1431 4665 1498 4720 nec
1521 4643 1765 4741 promissiones
1788 4642 1923 4736 aliquas
