4434 5942
281 551 377 612 lanam
394 549 439 628 2]
731 545 928 610 HISTORIA
954 546 1246 611 nlrnotrnl'lctt
1651 547 1693 612 25

282 685 436 760 districte
444 681 654 779 precipimus
663 691 836 776 quatenus
845 705 924 756 cum
933 685 1109 776 negotium
1122 684 1321 759 diletionem
1334 705 1404 757 nou
1416 682 1530 778 capiat
1537 692 1573 756 et
1582 685 1692 758 tutius

281 817 317 882 et
336 808 472 882 facilius
487 807 649 882 obvietur
665 806 864 902 principiis,
885 819 1205 905 quantumcumque
1226 808 1408 904 pecuniam
1424 808 1578 902 poteritis
1596 818 1692 884 tanto

282 933 420 1026 negotio
441 931 670 1004 necessariam
687 952 750 1025 per
773 930 957 1022 discretos,
979 930 1099 1006 fideles
1117 941 1153 1004 et
1172 931 1337 1028 providos
1359 931 1499 1003 nuntios
1518 931 1694 1005 transmit-

283 1056 361 1128 tatis
379 1055 414 1126 iu
431 1053 604 1150 stipendia
618 1054 791 1126 exercitus
808 1066 843 1127 et
857 1055 925 1128 alia
942 1077 1012 1150 que
1029 1057 1187 1128 instantis
1200 1056 1411 1129 necessitatis
1428 1055 1594 1128 articulus
1612 1075 1694 1151 pos·

283 1181 369 1252 tulat
386 1178 666 1253 convertendam.
690 1179 726 1251 Si
746 1179 838 1250 enlm
860 1179 995 1252 solliciti
1018 1189 1255 1274 procuratores
1276 1179 1425 1253 existitis
1444 1188 1479 1252 et
1496 1180 1589 1252 cauti
1610 1201 1696 1252 cus-

283 1295 396 1392 todes,
417 1323 487 1376 nou
505 1302 640 1376 debetis
657 1323 798 1398 parcere
814 1303 920 1376 rebus
935 1303 995 1375 ubi
1016 1303 1208 1398 periculum
1226 1304 1372 1376 vertitur
1389 1325 1613 1399 personarum
1630 1325 1696 1377 uec

285 1449 407 1502 causas
432 1427 607 1502 dilationis
629 1428 805 1501 innectere
827 1428 888 1500 ubi
909 1427 945 1520 g‘.
969 1428 1053 1501 diu<
1071 1449 1142 1500 non
1166 1437 1277 1502 cessat
1296 1427 1441 1501 hostilis.
1466 1429 1580 1500 Nostis
1601 1427 1696 1502 cuim

286 1571 356 1624 non
379 1552 492 1624 solum
507 1575 570 1647 per
589 1551 766 1642 auditum,
783 1553 846 1626 sed
869 1553 972 1626 etiam
985 1574 1062 1649 ·per
1084 1552 1331 1648 experientiam
1355 1551 1575 1648 tyrannidem
1601 1554 1697 1626 Mar·

287 1677 436 1750 covaldi.
452 1677 565 1750 Nostis
577 1678 726 1771 qualiter
738 1699 782 1750 eo
795 1685 1001 1773 procurante
1018 1699 1087 1750 nou
1106 1679 1218 1750 solum
1237 1676 1394 1770 ejusdem
1408 1677 1507 1770 regni
1521 1677 1696 1772 principes

285 1801 469 1892 seculares,
482 1823 605 1874 verum
623 1803 727 1875 etiam
742 1803 889 1895 maJ‘ores
901 1803 1122 1876 ecclesiarum
1140 1802 1260 1897 prclati
1277 1801 1429 1874 damnati
1446 1802 1574 1874 luerint
1585 1801 1695 1875 exilio

285 1935 320 1999 et
338 1927 488 2000 vinculis
504 1927 623 1999 terreis
642 1927 785 2021 alligati.
799 1927 913 2000 Nostis
929 1928 1049 2018 etiam,
1067 1937 1103 2000 et
1124 1925 1244 1998 notitie
1264 1925 1370 2018 hujus
1387 1925 1553 1999 memoria
1573 1925 1697 1999 vestris

287 2051 396 2124 oculis
418 2051 549 2144 jugiter
566 2051 773 2140 inculcatur,
792 2051 940 2144 qualiter
965 2051 1099 2123 nobiles
1126 2049 1231 2122 vestri
1257 2049 1337 2120 lacti
1358 2057 1440 2120 sunt
1462 2049 1696 2122 membrorum

287 2175 501 2246 mutilatione
518 2174 700 2248 deformes.
722 2174 822 2246 Scitis
840 2174 936 2268 quod
958 2175 988 2245 si
1007 2173 1246 2248 Marcovaldus
1264 2173 1369 2268 priori
1389 2181 1565 2268 potentatu
1585 2191 1697 2267 usquc

287 2296 393 2372 hodie
413 2297 590 2392 potiretur,
611 2320 677 2372 nec
694 2319 813 2371 semen
830 2298 934 2372 etiam
948 2297 1116 2370 nobilium
1136 2298 1172 2368 in
1189 2318 1296 2392 reguo
1314 2297 1509 2390 reliquisset
1526 2318 1592 2371 nec
1614 2295 1697 2370 etati

288 2443 353 2496 nec
377 2423 479 2495 sexui
501 2423 590 2496 deut
611 2423 787 2518 inceperat
809 2423 1028 2520 pepercisset.
1048 2421 1149 2495 Scitis
1176 2422 1281 2494 etiam
1304 2423 1452 2516 qualiter
1470 2422 1564 2495 viros
1587 2423 1699 2496 eccle·

289 2545 444 2618 siasticos
461 2547 596 2619 stallos
608 2546 779 2640 quosdam
794 2547 896 2619 vivos
912 2545 1029 2620 lecerit
1042 2546 1179 2619 flamma
1195 2545 1327 2636 torreri,
1344 2545 1515 2640 quosdam
1530 2544 1700 2638 sagimine

288 2669 434 2762 liquenti
452 2671 585 2765 peruri,
604 2670 775 2764 quosdam
794 2669 832 2741 in
849 2670 955 2742 maris
972 2669 1164 2765 precipitari
1184 2668 1408 2764 profundum,
1423 2678 1516 2741 etex
1529 2669 1700 2764 preteritis

289 2794 435 2888 qualiter
458 2795 595 2866 loturus
613 2795 658 2866 sit
675 2794 776 2867 vobis
798 2804 834 2868 et
855 2815 976 2890 reguo,
996 2794 1120 2900 sicam
1140 2814 1245 2888 quam
1268 2791 1442 2866 credimus
1459 2791 1700 2864 discretionem

290 2915 437 3014 habetis,
455 2919 647 3012 intelligitis
658 2918 850 3010 manifeste,
867 2919 928 3013 qui
939 2921 1033 3012 justo
1050 2917 1113 2990 Dei
1122 2916 1256 3009 judicio
1275 2917 1310 2988 iu
1329 2936 1389 2988 eos
1403 2915 1554 3012 amplius
1571 2923 1606 2988 et
1621 2937 1702 2988 eru·

291 3041 404 3116 delius
427 3043 598 3117 desevivit
622 3044 682 3138 qui
705 3043 739 3116 ei
766 3043 803 3115 iu
827 3043 925 3134 regni
948 3042 1143 3138 pmditione
1162 3041 1311 3137 amplius
1332 3041 1537 3115 servierunt.
1557 3039 1702 3137 Experti

291 3167 373 3240 estis
399 3167 561 3239 astutiam
584 3171 660 3261 ejus
686 3177 721 3240 et
740 3168 965 3262 frequentiam
990 3164 1185 3263 pejerandi,
1205 3175 1240 3240 et
1255 3167 1351 3261 quod
1366 3165 1470 3240 fidem
1492 3186 1562 3239 nou
1585 3173 1701 3239 servet

292 3289 387 3363 fideli
408 3290 603 3364 testimonio
631 3290 813 3365 didicistis.
830 3291 1013 3366 vaidste
1034 3291 1139 3385 igitur
1163 3290 1235 3382 regi
1258 3299 1293 3364 et
1314 3311 1434 3384 regno,
1466 3290 1572 3362 immo
1598 3289 1702 3363 etiam

292 3412 393 3485 vobis
405 3412 504 3507 ipsis,
517 3423 552 3486 et
560 3416 662 3508 juxta
674 3413 874 3490 mandatum
891 3415 1115 3511 imperatricis
1128 3414 1287 3508 ejusdcm
1301 3436 1370 3509 qne
1381 3415 1463 3486 talia
1474 3415 1589 3487 lutura
1601 3413 1703 3509 quasi

293 3535 428 3631 prescia
444 3547 559 3609 mente
574 3539 737 3633 previdit,
760 3549 889 3612 tantun
902 3540 1087 3636 pecuniam
1101 3539 1300 3612 ministretis
1312 3538 1409 3634 qnod
1422 3538 1597 3636 prodictus
1613 3538 1704 3612 llar-

293 3656 452 3746 cnaldus,
464 3660 572 3734 hostis
589 3663 665 3754 Dei,
675 3663 827 3738 Ecclesie
844 3663 1018 3754 inimicus,
1032 3673 1229 3758 persecutor
1242 3664 1355 3758 regui,
1367 3663 1429 3758 qui
1446 3685 1527 3735 cum
1543 3663 1705 3736 omnibus

294 3782 520 3856 familiaribus
529 3795 563 3857 et
574 3786 802 3881 participibus
812 3788 886 3860 suis
900 3785 1265 3862 excommunicationis
1278 3797 1330 3860 est
1345 3787 1486 3860 vinculo
1504 3787 1702 3876 innodatus,

294 3926 364 3977 uon
382 3907 494 3978 solnm
513 3910 690 4003 prevalere
703 3933 773 3983 non
789 3915 909 4008 possit,
930 3913 1036 3984 immo
1052 3933 1117 3985 nec
1133 3913 1254 4006 lugere
1271 3912 1401 4004 valeat,
1420 3920 1455 3984 et
1475 3933 1569 3984 nunc
1594 3911 1706 3984 taliter
1809 3983 1817 4000 ,

295 4037 489 4103 conteratur
504 4031 601 4126 quod
619 4033 663 4108 de
681 4044 794 4109 cetero
808 4059 988 4132 regnuma
1027 4038 1102 4130 ejus
1118 4037 1162 4108 sit
1172 4037 1359 4110 vexatione
1373 4058 1546 4110 securum.
1564 4035 1706 4132 Oportet

293 4151 386 4223 cuim
411 4175 476 4226 vos
493 4158 655 4231 sollicitos
681 4168 716 4234 et
738 4159 911 4235 studiosos
928 4163 1077 4236 existere
1100 4171 1139 4233 ut
1161 4171 1284 4235 exacta
1307 4161 1487 4256 diligentie
1511 4159 1703 4256 procuretis

293 4274 390 4367 quod
406 4275 565 4353 homiues
581 4282 679 4376 regui
704 4284 750 4359 ad
770 4285 1000 4358 resistendum
1019 4287 1051 4360 ei
1074 4293 1229 4381 potenter
1245 4307 1286 4358 ac
1305 4286 1449 4359 viriliter
1468 4307 1506 4359 sc
1523 4284 1706 4379 accingant

293 4406 329 4469 et
344 4419 428 4470 sano
445 4403 628 4494 pariterue
645 4408 807 4481 concordi
827 4410 969 4482 consilio
993 4409 1198 4504 dirigantur,
1218 4429 1263 4481 ne
1286 4410 1316 4481 si
1334 4410 1420 4481 forte
1440 4429 1504 4482 vos
1521 4415 1556 4480 et
1576 4407 1641 4504 ipsi
1657 4429 1706 4482 ex

294 4519 352 4592 illa
369 4529 466 4615 parte
479 4525 613 4598 remissi
632 4538 693 4600 aut
711 4531 811 4604 otiosi
833 4533 978 4626 fueritis,
995 4533 1150 4606 studium
1168 4539 1322 4604 nostrum
1340 4553 1386 4604 ex
1404 4531 1470 4605 hac
1488 4540 1586 4628 parte
1606 4529 1703 4626 quod

295 4643 386 4717 circa
401 4647 509 4722 multa
523 4660 680 4725 versatur
693 4654 809 4728 minus
822 4657 946 4731 efficax
959 4656 1143 4742 habeatur;
1161 4664 1298 4754 propter
1311 4655 1407 4753 quod
1420 4656 1523 4754 culpa
1535 4677 1603 4730 non
1618 4655 1706 4730 levis

382 4769 408 4830 1.
1528 4789 1546 4842 t
