4434 5942
283 565 383 624 lenior.
398 561 442 638 3.]
730 555 926 617 nisuonln
951 551 1243 616 britonellus.
1654 545 1695 606 45

283 719 402 772 mense
421 693 555 786 martii,
580 693 679 766 tertie
706 691 922 784 indictionis,
943 691 1042 788 regni
1061 711 1144 764 vero
1162 687 1295 763 domini
1317 683 1425 759 nostri
1450 681 1614 756 Friderioi
1631 681 1694 754 Dei

283 823 394 918 gratu
411 817 642 892 ‘illustrissimi
673 817 765 911 regis
791 817 925 911 Sicilie,
953 818 1101 892 ducatus
1125 813 1252 914 Apulie
1279 822 1315 887 et
1342 809 1556 908 principatus
1578 806 1695 904 Capue

283 968 376 1022 anno
393 943 562 1031 secundo,
584 941 739 1016 feliciter.
760 940 884 1016 Amen.

336 1519 548 1605 Fridericus
565 1545 632 1604 rex
650 1519 798 1604 Siciliae
815 1517 949 1603 Ursoni
972 1519 1147 1629 episcopo
1164 1517 1413 1630 Agrigentino
1430 1529 1468 1604 et
1492 1547 1694 1608 successo·
1750 1535 1866 1646 Ἢ

283 1653 390 1738 ribus
408 1653 491 1765 ejus
508 1663 689 1766 perpetuo
706 1655 824 1739 donat
842 1653 1040 1737 castellum
1058 1653 1236 1738 Miasiarii
1255 1653 1316 1766 (1)
1343 1664 1381 1738 et
1397 1656 1521 1742 casale
1546 1657 1695 1746 Minae-

284 1787 387 1871 clum
405 1813 493 1872 eum
508 1787 659 1900 juribus
678 1788 760 1900 ejus
778 1789 818 1872 in
837 1815 930 1900 agro
949 1787 1213 1900 Agrigentino.

355 2007 520 2083 (Memorat.
535 2023 581 2085 ap.
597 2007 635 2067 ll.
651 2006 794 2085 Pmurr,
805 2001 888 2068 Sicil-
901 2021 1000 2080 merc,
1015 2011 1036 2068 t
1052 2005 1084 2080 l,
1097 2021 1129 2084 p.
1145 2007 1229 2082 rot.)

330 2196 457 2269 Datum
484 2196 660 2288 Panormi,
688 2217 779 2269 anno
808 2195 981 2270 dominice
1008 2196 1254 2271 incarnationis
1277 2197 1384 2290 MCC,
1413 2219 1532 2274 meuse
1555 2200 1691 2297 aprilis,

282 2321 329 2394 lll
348 2319 550 2413 indictione,
570 2321 668 2418 regni
685 2321 849 2396 Friderici
868 2343 960 2395 anno
977 2321 1019 2394 ll.

503 2635 718 2646 -—-——·--—-·-

334 2921 546 3006 Fridericus
581 2945 648 3004 rex
685 2915 833 3002 Siciliae
863 2915 1019 3000 Leontio
1050 2915 1368 3000 archimandritae
1398 2927 1436 3000 et
1466 2923 1695 3006 monasterio
1750 2927 1866 3038 Ρςζζςξξῑι

281 3057 410 3142 Sancti
433 3054 638 3138 Salvetcris
656 3053 704 3136 dc
720 3052 893 3137 Messana
910 3049 1110 3134 confirmat
1126 3049 1363 3160 privilegien
1385 3052 1540 3163 regibus
1568 3054 1697 3168 Roge-

280 3192 353 3296 rio,
374 3189 569 3275 Willelmo
595 3186 719 3297 primo
740 3195 778 3268 et
799 3185 986 3293 secundo,
1006 3194 1043 3268 ct
1069 3183 1119 3268 ab
1145 3184 1372 3294 imperatore
1396 3197 1433 3270 et
1458 3187 1695 3298 imperatrice

280 3323 502 3436 parentibus
520 3321 600 3406 suis
617 3319 780 3405 indulto.

360 3543 524 3618 (bemont.
540 3557 590 3620 op.
604 3541 642 3604 a.
658 3541 796 3614 Prnaurr,
810 3533 891 3600 stet
905 3552 1006 3614 merc,
1023 3543 1045 3600 t.
1062 3537 1108 3612 ll,
1121 3553 1153 3614 p.
1169 3543 1240 3614 ost,
1252 3543 1283 3598 et
1295 3541 1462 3600 extremm
1476 3545 1694 3623 utsequlturr)

333 3780 611 3805 .........
634 3726 859 3801 Attendentes
876 3724 1088 3798 laudabilem
1107 3723 1401 3800 conversationem
1421 3727 1553 3800 Leontii
1571 3731 1692 3804 archi-

279 3855 452 3929 mandrite
473 3863 508 3928 et
533 3851 818 3926 monasteriorum
838 3847 888 3944 (a)
908 3849 1023 3922 Sancti
1045 3849 1231 3923 salvatoris
1254 3848 1299 3922 de
1322 3850 1479 3924 Messana
1500 3875 1692 3952 eorumque

280 3979 385 4054 iidem
408 3987 443 4052 et
467 3975 636 4051 beneficia
660 3997 730 4071 que
764 3973 1043 4072 progenitoribus
1070 3973 1197 4047 nostris
1225 3973 1482 4068 exbibuerunt,
1508 3978 1691 4056 confirma-

280 4127 359 4179 mus
383 4103 562 4202 privilegia
585 4103 678 4193 regis
701 4100 856 4194 Rogerii,
876 4099 968 4194 regis
985 4099 1040 4171 W.
1063 4098 1165 4195 primi
1186 4106 1221 4172 et
1242 4100 1386 4174 mcundi
1417 4110 1452 4175 et
1474 4101 1606 4177 domini
1624 4107 1690 4178 im·

279 4230 446 4326 peratoris
468 4237 502 4302 et
527 4227 667 4302 domine
696 4224 923 4323 imperatricis
950 4225 1148 4298 beatissime
1171 4225 1290 4298 matris
1311 4235 1439 4301 nostre.
1465 4227 1595 4322 Siquis
1613 4251 1690 4304 mo·

318 4405 360 4482 (a)
378 4404 548 4484 legendum
561 4403 740 4468 arbitramur
754 4401 970 4466 manente.

317 4696 356 4774 (4)·
372 4696 560 4757 verisimiliter
570 4696 710 4772 limari,
723 4697 804 4758 bodie
818 4697 915 4758 Castro
927 4698 1059 4758 Monere.
1072 4697 1112 4755 lte
1124 4695 1252 4757 ninwclc
1265 4712 1319 4756 non
1332 4695 1402 4756 bene
1415 4701 1531 4768 constet.
