4378 5954
222 557 322 618 lrotcr.
341 552 402 638 ta]
671 556 869 620 tttstoltln
895 553 1189 622 utatottttntcn
1576 556 1629 618 151

222 691 460 766 locutionibus
477 692 606 766 audeat
620 713 822 788 aggravare
837 695 1005 772 Messores
1018 718 1159 793 quoque
1179 705 1216 770 at
1236 694 1408 790 quoslibet
1428 693 1635 767 laboratores

223 815 377 910 ipsorum
387 817 671 890 monasteriorum
686 817 876 893 subnostra
890 822 1102 917 protectione
1114 819 1303 917 recipimus
1318 825 1354 892 'et
1366 817 1527 892 volumus
1540 826 1579 890 ut
1588 818 1634 890 ab

222 939 317 1012 omni
336 939 533 1015 vexationis
547 943 704 1016 mulcedo
724 943 795 1016 sint
811 944 913 1018 liberi
928 955 963 1020 et
975 947 1101 1020 securi.
1113 946 1279 1020 Volumus
1299 944 1441 1038 insuper
1453 951 1488 1016 et
1501 941 1632 1016 eisdem

223 1064 438 1138 monasteriis
454 1065 606 1160 benignu
618 1066 736 1142 lavore
753 1069 977 1144 concedimus
991 1080 1030 1144 ut
1044 1070 1113 1143 hiis
1126 1069 1250 1144 usibus
1269 1076 1304 1142 et
1322 1067 1633 1142 consuetudinibus

223 1184 398 1281 gaudeant
421 1197 457 1262 et
482 1197 636 1280 utantur,
655 1191 784 1286 quibus
801 1215 823 1268 a
840 1203 993 1290 tempore
1019 1194 1277 1292 progenitorum
1302 1201 1496 1266 nostrornm
1516 1189 1633 1262 inclite

223 1309 469 1386 recordationis
483 1334 596 1410 usque
608 1313 657 1388 ad
672 1315 784 1390 ielicie
798 1325 952 1412 tempora
967 1327 1084 1391 nosne
1099 1317 1149 1390 uti
1165 1317 1273 1390 libere
1288 1324 1323 1388 et
1338 1315 1415 1388 sine
1433 1311 1634 1409 gravamine

223 1445 490 1510 consueverunt.
508 1437 722 1534 Pracipimus
739 1439 845 1535 igitur
858 1449 895 1516 et
906 1439 1048 1516 firmiter
1065 1441 1263 1516 inhibemus
1276 1449 1317 1514 ut
1333 1441 1450 1513 nullus
1462 1439 1539 1534 ipsa
1554 1459 1634 1512 mo-

223 1558 393 1650 nasteria,
409 1558 566 1636 homines
578 1563 636 1636 vel
658 1563 751 1638 bona
771 1585 837 1639 sua
853 1575 981 1640 temere
1000 1566 1179 1640 molestare
1195 1563 1324 1640 audeat
1337 1565 1395 1636 uel
1419 1583 1574 1656 gravam.
1598 1562 1634 1634 Si

221 1681 304 1776 quis
317 1692 434 1758 summ
453 1695 571 1762 coutm
584 1686 675 1761 banc
688 1695 803 1763 nostre
818 1689 1051 1786 protectionis,
1067 1688 1298 1764 concessionis
1313 1697 1348 1762 ot
1367 1684 1635 1760 confirmationis

222 1804 386 1900 peginam
401 1807 521 1882 venire
537 1811 802 1906 presumpserit,
821 1812 929 1886 nostri
952 1811 1115 1886 culminis
1137 1809 1408 1908 indignationem
1433 1829 1473 1883 se
1499 1807 1636 1882 nouerit

224 1926 456 2002 incursurum.
478 1932 522 2006 Ut
535 1932 642 2028 igitnr
653 1935 852 2031 supradicta
864 1935 1072 2011 monasteria
1090 1943 1126 2010 at
1146 1943 1262 2008 nostre
1272 1954 1409 2030 semper
1423 1931 1637 2029 protectione

223 2049 401 2143 gaudeant
418 2063 454 2128 ct
465 2056 562 2151 regio
573 2057 692 2133 favum
704 2059 741 2132 in
753 2068 843 2134 statu
861 2061 1032 2158 respirent
1048 2059 1303 2155 tranquillitatis
1320 2067 1354 2132 et
1369 2057 1483 2154 pacis,
1499 2065 1535 2130 et
1550 2077 1635 2153 pre·

223 2195 303 2250 sens
319 2187 434 2252 nostre
446 2181 685 2276 protectionis,
702 2185 932 2260 concessionis
952 2193 988 2259 et
1010 2183 1276 2259 confirmationis
1298 2182 1425 2279 pagina
1442 2180 1541 2254 firma
1566 2181 1634 2253 sibi

224 2307 260 2372 ct
276 2299 406 2375 illibata
420 2304 599 2398 persistat,
622 2328 764 2402 presens
783 2318 898 2383 nostre
914 2309 1099 2402 majestatis
1120 2307 1338 2403 priuilegium
1352 2327 1413 2401 psr
1427 2325 1551 2378 manus
1567 2303 1635 2378 Al-

224 2421 339 2514 duini,
358 2427 481 2500 notarii
504 2438 539 2502 et
560 2427 672 2504 fidelis
694 2431 820 2524 nostri,
837 2433 940 2504 scribi
956 2441 991 2506 et
1007 2433 1122 2526 sigillo
1139 2441 1255 2506 nostro
1270 2430 1437 2524 jussimus
1455 2427 1631 2522 insigniri,

222 2553 903 2652 anno,mense,indictionesnbscriptis.
1439 2615 1447 2628 .

273 2673 358 2748 Data
376 2674 412 2746 in
430 2675 569 2752 civitate
585 2680 743 2754 Messana
767 2703 829 2776 per
856 2701 980 2754 manus
1003 2680 1167 2754 Gualterii
1196 2677 1241 2752 de
1267 2677 1405 2752 Pallene
1426 2675 1634 2750 venerabilis

224 2793 462 2872 Gatbanisnsis
475 2801 629 2899 episcopi
647 2813 683 2877 et
698 2804 798 2899 regni
812 2805 928 2878 Sicilie
943 2805 1153 2896 cancellarii,
1169 2824 1261 2878 annu
1286 2801 1459 2876 dominice
1475 2801 1632 2874 incarna-

223 2919 327 2995 tionis
344 2923 526 2998 millesimo
542 2925 780 3002 ducentesimo
795 2950 901 3022 nono,
920 2951 1040 3004 mense
1061 2929 1218 3024 augusti,
1241 2926 1446 3002 duodecime
1469 2923 1634 2998 indictio-

223 3044 299 3137 nis,
319 3048 418 3142 regni
443 3071 528 3126 vero
552 3051 684 3126 domini
709 3054 816 3128 nostri
841 3053 1002 3128 Friderici
1029 3053 1094 3128 liei
1112 3054 1221 3148 gratia
1238 3049 1455 3124 illustrissimi
1472 3049 1564 3142 regis
1577 3047 1635 3122 Si·

225 3169 319 3262 adie,
339 3170 488 3248 ducatus
508 3173 633 3272 Apulia
660 3186 696 3252 et
722 3178 933 3276 principatus
956 3179 1090 3276 Capua,
1118 3198 1210 3252 annu
1236 3175 1457 3266 duodecimo,
1476 3173 1632 3248 feliciter.

223 3289 346 3368 Amen.

430 3504 920 3519 --ss-—o--m-
930 3507 1407 3519 nn-—--n-v···-——·——--—-

277 3789 490 3874 Fridericus
511 3817 579 3874 rex
596 3789 745 3876 Siciliae
766 3791 944 3876 Balsama
962 3789 1091 3874 abbati
1110 3789 1268 3874 Cavensi
1285 3787 1524 3900 priuilegium
1539 3787 1633 3898 jus-

222 3921 357 4004 ticiarii
374 3923 542 4008 officium
559 3926 755 4009 exercendi
781 3926 822 4008 in
843 3925 921 4009 vita
947 3924 1068 4034 ipsius
1094 3949 1208 4034 super
1232 3923 1406 4008 homines
1431 3933 1470 4006 et
1494 3933 1634 4005 terram

222 4058 442 4140 monasterii
470 4059 648 4142 Cavensis
675 4059 868 4166 concedit,
888 4057 994 4142 salvo
1021 4057 1127 4168 quod
1153 4056 1433 4141 successoribus
1463 4054 1633 4164 ejusdem

222 4188 373 4274 abbatis
404 4193 671 4276 tautummodo
695 4191 806 4278 liceat
828 4189 1212 4301 justiciarium‚inter
1241 4214 1306 4274 eoa
1333 4214 1357 4272 a
1381 4187 1488 4270 curia
1514 4186 1632 4296 regali

222 4325 447 4409 constitutos
463 4351 579 4438 quem
596 4325 784 4410 voluerint
804 4324 956 4435 eligere.

303 4540 421 4620 (lnedtt.
432 4557 482 4620 ap.
490 4541 568 4603 arch.
581 4527 706 4602 monast.
718 4539 858 4602 cavensis
869 4555 908 4599 ex
921 4535 1275 4615 astulonensem
1286 4535 1354 4597 coll.
1366 4549 1434 4596 cum
1447 4538 1633 4612 ummmpto

344 4646 713 4726 authenticolnpergam„
728 4661 798 4707 anu.
816 4651 903 4717 1216,
919 4641 1063 4717 armbl„
1077 4651 1112 4703 n·
1125 4645 1167 4716 t.)
1668 4667 1670 4672 v
