4334 5980
209 582 370 660 naar]
659 577 1172 641 ursnoarunrunuuurrcu.
1288 559 1290 564 ’
1447 571 1450 576 ’
1560 579 1668 650 ser

208 721 315 814 vulgo
330 715 458 790 dictum
472 713 509 784 in
522 711 679 786 orientali
694 713 850 805 ejusdem
867 713 1015 787 civitatis
1031 713 1200 787 suburbio
1214 712 1360 808 positam
1372 711 1423 808 ⁸ad
1437 712 1532 786 idem
1548 737 1622 790 mo·-

209 843 398 918 nasterium
421 838 540 912 Sancti
558 837 676 911 lacobi
698 839 878 911 Scotorum
897 839 1116 933 attinentem,
1141 835 1334 912 secundum
1356 845 1506 911 tenorem
1529 837 1626 914 firme

209 967 378 1040 libertatis
410 963 673 1061 privilegiorum
703 970 958 1036 antecessorum
987 973 1182 1036 nestrorum
1212 964 1442 1037 Romanorum
1475 961 1623 1058 impera·

209 1081 321 1168 torum
336 1099 371 1164 et
387 1111 510 1183 regum
528 1087 678 1160 Heinriei
692 1086 750 1178 llI,
766 1086 904 1158 Henrici
922 1087 981 1160 llll
1000 1095 1035 1160 et
1052 1088 1175 1161 lotarii
1192 1097 1226 1161 et
1241 1086 1404 1160 Friderici
1416 1083 1445 1182 (l
1455 1085 1482 1179 ),
1499 1087 1545 1160 ob
1560 1085 1625 1160 ho·

207 1225 379 1290 norem-et
396 1212 655 1286 venerationem
671 1211 850 1284 beatorum
870 1213 1101 1306 apostolorum
1114 1211 1204 1285 Petri
1215 1221 1250 1285 et
1263 1212 1395 1303 iacobi,
1412 1221 1535 1306 rogatu
1552 1212 1625 1285 lle·

209 1341 280 1414 thei
298 1337 434 1413 abbatis
450 1346 486 1410 et
504 1338 647 1410 fratrum
667 1335 823 1428 ejusdem
843 1337 1039 1410 monasterii
1057 1345 1162 1432 utque
1182 1338 1324 1410 fratrum
1347 1336 1492 1410 ecclesie
1512 1337 1626 1409 Sancti

211 1465 301 1539 Petri
324 1461 575 1560 supplicatione
594 1483 664 1556 qne
682 1461 792 1534 Sectis
807 1463 1003 1536 monasterii
1022 1462 1138 1536 Sancti
1156 1462 1273 1536 Jacobi
1290 1461 1430 1535 subdita
1450 1481 1527 1534 esse
1546 1481 1626 1557 pro-

210 1589 325 1679 batur,
346 1609 426 1660 cum
444 1587 608 1661 omnibus
627 1585 730 1658 benis
750 1594 785 1658 et
803 1587 1078 1682 possessionibus
1098 1609 1186 1683 quus
1208 1588 1312 1660 modo
1329 1586 1458 1658 habent
1478 1585 1627 1660 rationa-

211 1714 326 1786 biliter
342 1723 377 1786 et
400 1713 548 1807 quasin
576 1720 751 1808 posterum
778 1713 985 1807 specialibus
1011 1713 1210 1785 nominibus
1227 1711 1486 1806 designabimus
1510 1712 1624 1785 autin

212 1840 366 1910 futurum
382 1837 485 1930 justis
506 1836 621 1909 modis
634 1844 717 1907 sunt
732 1835 902 1926 babituri,
919 1837 955 1909 in
973 1835 1262 1910 mundiburdium
1279 1835 1490 1909 detensionis
1509 1845 1624 1908 nostre

208 1961 442 2058 suscipimus:
462 1981 506 2033 eo
521 1959 651 2032 scilieet
672 1968 790 2032 tenore
810 1967 850 2032 ut
866 1959 958 2033 sicut
976 1961 1200 2035 constitutum
1218 1969 1271 2034 est
1289 1983 1312 2034 a
1329 1959 1536 2055 supradietis
1555 1959 1621 2032 im·

210 2087 445 2183 peratoribus,
471 2085 566 2159 idem
592 2087 838 2160 monasterium
869 2087 985 2160 Sancti
1010 2087 1129 2160 lacobi
1161 2109 1204 2160 ac
1228 2086 1374 2160 ecclesia
1395 2086 1510 2158 Sancti
1532 2086 1621 2160 Petri

208 2233 346 2284 necnon
373 2219 409 2284 et
425 2212 515 2284 bona
534 2211 603 2284 sibi
625 2209 802 2284 attinentia
821 2232 863 2283 uc
884 2210 1014 2285 ibidem
1040 2211 1260 2286 solummodo
1277 2211 1370 2284 Secti
1392 2211 1623 2284 inhabitantes

209 2344 244 2407 et
263 2333 426 2408 nulli.alii
449 2343 651 2430 perpetuam
670 2333 821 2407 habeant
839 2333 1031 2408 libertatem
1053 2357 1119 2409 nec
1136 2335 1181 2408 ab
1197 2335 1313 2430 aliqua
1333 2357 1480 2431 persona
1496 2357 1623 2430 magna

209 2459 267 2530 uel
292 2480 401 2554 parva
419 2469 609 2552 graventur
629 2458 898 2553 necquicquam
921 2459 1057 2532 servicii
1080 2459 1148 2532 nisi
1167 2460 1231 2532 soli
1249 2461 1323 2533 Deo
1341 2471 1376 2532 et
1400 2460 1528 2533 sanctis
1547 2463 1623 2556 ejus

210 2581 357 2656 reddere
370 2593 548 2677 cogantur,
563 2605 679 2678 neque
689 2585 805 2678 aliqua
817 2604 963 2679 persona
975 2587 1084 2678 major
1094 2585 1153 2657 uel
1167 2584 1279 2656 minor
1293 2584 1329 2655 in
1341 2605 1400 2656 eos
1413 2592 1474 2656 aut
1484 2584 1519 2655 in
1530 2585 1622 2658 bona

210 2727 330 2780 eorum
352 2709 633 2802 qualemcunque
652 2707 921 2782 dominationem
945 2708 1095 2781 babeant
1121 2717 1232 2805 preter
1258 2729 1322 2781 nos
1347 2718 1383 2781 et
1408 2713 1623 2783 successores

210 2841 343 2904 nocuus
361 2853 466 2926 reges·
477 2833 534 2906 vel
553 2833 794 2927 imperatorem
811 2832 873 2905 sed
888 2833 1000 2905 securi
1016 2843 1178 2906 maneant
1195 2833 1328 2928 absque
1345 2832 1439 2905 omni
1459 2833 1625 2925 ejectione

209 2957 266 3028 vel
286 2957 564 3050 perturbatione,
584 2966 721 3030 orantes
738 2977 800 3052 pro
822 2979 860 3029 se
876 2966 911 3030 et
932 2977 996 3052 pre
1019 2967 1111 3030 statu
1135 2958 1270 3053 imperii
1288 2979 1330 3030 ac
1352 2957 1456 3030 totius
1473 2958 1625 3030 Ecclesic

210 3081 333 3153 salute.
364 3081 510 3154 Nomina
538 3091 654 3156 antem
682 3083 937 3178 possessionum
966 3084 1032 3156 heo
1058 3092 1140 3155 sunt
1164 3082 1371 3178 blanzpacb,
1403 3081 1621 3176 Callenberc,

209 3205 725 3300 Tegembeim,Gundolvingeu
736 3228 815 3278 oum
829 3207 1023 3302 piscaturis,
1034 3207 1128 3298 Riut,
1137 3207 1354 3295 Kindenbus‚
1367 3205 1620 3298 Gebelcboven,

79 3355 81 3364 ⁸
209 3329 454 3424 Wemsingsn‚
479 3331 799 3425 Knentingencum
825 3332 936 3404 vineis
957 3332 1031 3403 suis
1052 3341 1089 3404 et
1110 3333 1241 3427 capelle
1262 3353 1343 3423 sua,
1364 3332 1623 3407 Boohesrvooke

210 3474 290 3526 cum
310 3455 443 3549 capella
460 3476 524 3528 sua
543 3455 757 3549 etdeoimis,
778 3456 1005 3549 Trublingen,
1024 3455 1237 3528 Tietelndorl
1251 3456 1411 3551 superius
1428 3465 1464 3529 et
1478 3456 1623 3529 inferius

209 3597 291 3650 cnm
304 3577 403 3650 silvis
420 3586 455 3652 et
466 3579 650 3676 piscaturis
661 3579 852 3675 ceterisque
867 3580 1075 3675 appenditiis
1088 3581 1359 3676 circumquaque
1373 3581 1439 3656 sibi
1458 3580 1621 3673 adjacen-

209 3702 316 3794 tibus,
328 3704 498 3793 Marcstet,
514 3705 736 3797 llabtenvelt‚
753 3704 973 3797 Tessenhvel,
990 3705 1151 3793 Obrelsol,
1168 3705 1404 3778 molendinum
1422 3705 1622 3799 Sinzingen,

209 3825 333 3899 Gristet
354 3849 433 3900 cum
462 3829 611 3924 capella,
632 3829 748 3920 silvis,
768 3828 970 3925 piscaturis,
997 3829 1224 3923 molendinis,
1248 3827 1411 3921 Ansidel‚
1432 3830 1621 3936 Dietlvort,

208 3950 374 4042 Hulthns,
396 3952 565 4046 logeltal,
592 3950 832 4046 Gundolshus,
855 3956 970 4027 Buoze
993 3977 1072 4026 cum
1095 3955 1238 4049 capella,
1263 3955 1448 4043 Lienbem,
1471 3957 1625 4027 Graven·

208 4073 310 4163 berc,
340 4073 714 4172 Obergundolvingen,
746 4077 1007 4171 lachenhnsen,
1037 4077 1258 4172 Cbuelsdorl,
1295 4079 1489 4174 Fingental,
1524 4081 1621 4151 Wes-

1475 4244 1613 4256 ᾖ*

245 4329 283 4406 (4)
301 4331 342 4388 Ex
358 4331 402 4390 his
415 4337 532 4406 quatuor
544 4333 791 4392 confirmationibus
803 4335 830 4391 in
844 4334 1022 4393 instrumento
1039 4334 1191 4392 memoratis
1207 4333 1312 4392 necubi
1326 4333 1396 4390 duae
1408 4333 1511 4406 priores
1524 4348 1623 4406 super-

208 4435 286 4500 sunt,
299 4429 407 4492 llemioi
420 4429 456 4488 lV
470 4435 499 4487 et
510 4429 617 4488 ilenrici
630 4432 655 4489 v
669 4447 762 4504 regum
777 4429 849 4506 (sius
861 4431 897 4488 lll
915 4437 943 4488 et
960 4431 996 4490 lV
1013 4431 1229 4505 imperaturum),
1243 4429 1288 4487 illa
1305 4429 1367 4486 deta
1381 4445 1450 4486 anuo
1462 4432 1542 4500 4089,
1556 4433 1566 4486 4
1582 4429 1621 4486 le·

209 4523 327 4595 omani,
340 4526 424 4584 alteru
437 4543 509 4585 anno
523 4530 588 4584 4444
607 4543 656 4584 seu
671 4529 761 4602 potius
773 4532 860 4600 trus,
874 4533 909 4586 26
921 4530 1024 4600 martii;
1037 4535 1151 4602 utreque
1164 4529 1234 4586 edita
1245 4528 1273 4584 in
1287 4529 1379 4597 Huun,
1393 4528 1522 4600 Metrop„
1536 4532 1557 4583 t.
1571 4527 1621 4597 lll,

209 4638 239 4697 p.
253 4625 345 4694 stes,
358 4623 517 4694 otiolum,
533 4623 599 4682 God-
612 4625 726 4699 diplom.
739 4625 853 4695 lluttsb„
869 4633 889 4704 t,
903 4625 930 4698 l,
945 4643 974 4702 p.
988 4629 1099 4684 ree-ert
1108 4668 1114 4682 .
1124 4627 1174 4684 llst
1187 4625 1289 4700 primae
1298 4623 1506 4682 confirmationis
1519 4621 1624 4682 solum·
1753 4667 1755 4672 -

209 4721 290 4780 mmo
303 4722 432 4796 originale
445 4729 519 4781 extat
532 4722 661 4798 diploma.
