4434 5942
265 587 422 666 onmes
715 582 913 650 HISTORIA
938 585 1230 649 diabolinites
1634 587 1675 650 35

263 725 301 798 in
315 745 410 798 mare
427 721 621 818 precipitati
636 721 776 811 fuerint,
790 719 935 814 quidam
953 721 1101 794 flammis
1117 721 1247 814 eduen,
1262 724 1361 798 multi
1374 744 1515 819 quoque
1527 724 1672 818 liquenti

264 846 434 941 sagimine
446 843 666 918 concremati.
680 843 750 916 Nos
765 853 882 918 autem
901 845 983 918 olim
997 847 1073 939 ejus
1086 847 1251 920 malitiam
1266 847 1485 944 providentes
1497 857 1532 920 et
1542 847 1672 922 malum

263 971 401 1044 vincere
413 971 569 1043 volentes
586 970 623 1044 iu
639 968 745 1059 bono,
758 991 839 1042 cnm
856 989 894 1042 sa
912 969 1084 1044 universis
1100 971 1274 1045 mandatis
1286 971 1412 1046 nostris
1422 979 1622 1066 exponeret,
1635 980 1674 1042 ut

263 1102 474 1168 tentaremus
491 1093 651 1189 spiritum
667 1093 699 1166 si
717 1101 807 1166 esset
823 1113 870 1166 ex
885 1095 970 1186 Deo,
990 1095 1081 1168 sicut
1092 1117 1176 1191 sepe
1194 1117 1255 1190 par
1273 1096 1402 1170 litteras
1422 1103 1555 1170 nostres
1570 1093 1673 1168 vobis

263 1219 488 1292 meminimus
509 1217 703 1304 intimasse,
734 1226 872 1313 recepto
895 1219 941 1292 ab
964 1239 1006 1292 eo
1032 1242 1094 1316 per
1118 1220 1289 1316 quosdam
1310 1221 1453 1294 fratrum
1478 1227 1673 1295 nostrorum

264 1342 404 1438 publice
421 1361 526 1436 super
542 1339 685 1414 Crucem
703 1349 739 1414 et
759 1341 947 1435 Evangelia
961 1342 1157 1433 juramento
1179 1343 1276 1439 qnod
1298 1365 1403 1440 super
1422 1342 1583 1418 omnibus
1609 1364 1673 1439 pro

264 1467 395 1562 quibus
420 1465 742 1542 excommunicatus
762 1467 874 1540 fueret
895 1465 1067 1540 mandatis
1087 1467 1282 1562 apostolicis
1302 1469 1379 1542 sins
1402 1467 1674 1542 contradictione

265 1590 420 1684 quelibet
441 1587 617 1682 obediret,
637 1589 782 1664 fecimus
797 1611 878 1665 enm
898 1591 1077 1664 avinculo
1092 1592 1459 1666 excommunicationis
1481 1593 1615 1666 absolvi
1639 1601 1674 1666 et

265 1715 355 1788 inter
370 1723 481 1788 catera
499 1715 632 1811 procipi
649 1715 807 1788 absoluto
823 1725 863 1787 ut
879 1715 1018 1811 penitus
1037 1715 1166 1790 ebutio
1182 1717 1280 1810 regni
1299 1725 1334 1790 et
1348 1717 1583 1790 molestatione
1600 1737 1673 1790 oes-

264 1845 368 1910 saret.
389 1837 492 1925 Quod
513 1861 552 1912 se
571 1839 707 1935 scripsit
723 1839 943 1935 postmodum
967 1859 1031 1914 neo
1049 1861 1111 1936 pro
1132 1842 1205 1914 Deo
1226 1861 1291 1914 nee
1314 1861 1376 1936 pro
1397 1839 1537 1914 bomine
1557 1861 1673 1916 serva·

264 1969 404 2052 turum,
424 1963 506 2036 licet
524 1964 619 2058 quod
639 1963 705 2036 sub
723 1963 879 2060 predicta
894 1965 1004 2038 forma
1017 1965 1185 2058 juraverit
1207 1965 1304 2061 prius
1324 1985 1384 2060 per
1399 1986 1481 2038 suas
1501 1963 1601 2038 nobis
1618 1965 1673 2038 lit·

266 2093 358 2160 teras
374 2085 567 2160 intimasset
581 2111 690 2183 quas,
707 2087 805 2184 apud
828 2110 891 2162 nos
909 2088 946 2160 in
967 2097 1097 2162 certum
1123 2088 1336 2163 infidelitatis
1353 2091 1430 2182 ejus
1451 2087 1620 2162 indicium
1637 2088 1673 2158 in

266 2211 501 2284 testimonium
525 2233 752 2286 reservamus.
778 2213 936 2286 Ceterum
958 2235 1022 2286 nos
1043 2212 1184 2288 frendes
1206 2215 1282 2306 ejus
1304 2223 1339 2288 et
1363 2211 1534 2286 versutias
1563 2220 1678 2285 siuns

267 2331 400 2424 dentes,
419 2333 534 2428 ipsum
552 2357 632 2408 cum
650 2335 823 2410 universis
840 2335 1032 2410 fautoribus
1049 2336 1135 2424 suis,
1154 2335 1355 2410 nominatim
1370 2344 1486 2410 antem
1502 2335 1674 2431 Diopuldo

264 2464 301 2530 et
316 2457 480 2532 fratribus
494 2459 584 2552 ejus,
602 2458 723 2534 Odone
740 2459 786 2535 ds
802 2461 1148 2550 laviano,Wilielmo
1160 2459 1281 2534 Crasso
1288 2468 1323 2532 et
1336 2459 1544 2554 sequacibus
1553 2469 1589 2534 et
1602 2461 1675 2534 fan·

265 2581 399 2656 toribus
411 2584 500 2678 cjus,
509 2584 876 2659 excommunicationis
888 2585 1088 2658 curavimus
1098 2585 1243 2659 vinculo
1254 2582 1435 2674 innodare,
1444 2593 1479 2658 et
1492 2583 1674 2658 universos

266 2728 289 2780 a
294 2708 490 2799 iuramento
503 2707 691 2802 fidelitatis,
698 2709 872 2784 societatis
883 2710 941 2782 vel
950 2709 1094 2782 hominii
1104 2709 1138 2782 ei
1151 2707 1285 2804 prestiti
1297 2707 1527 2799 absolventes,
1535 2728 1673 2780 omnem

264 2839 390 2906 terram
415 2833 463 2906 ad
483 2855 590 2928 quam
610 2834 685 2930 ipse
702 2835 762 2908 ,vel
782 2833 909 2930 aliquis
930 2833 977 2908 de
993 2831 1241 2930 principalibus
1262 2831 1453 2906 fautoribus
1472 2831 1548 2924 ejus
1564 2829 1673 2906 deve·

265 2955 356 3029 uerit
376 2957 544 3032 sententie
568 2958 780 3052 subjecimus
806 2957 1000 3050 interdicti,
1024 2968 1059 3032 et
1080 2957 1325 3032 mandavimus
1351 2955 1525 3052 predictos
1551 2977 1673 3030 omnes

265 3101 328 3175 per
348 3081 470 3156 fratres
494 3091 529 3156 et
551 3083 773 3180 coepiscopos
797 3091 931 3157 nostros
952 3083 1093 3156 stallos
1114 3082 1337 3156 ecclesiarum
1359 3081 1508 3177 prelatos
1527 3081 1673 3176 singulis

265 3203 392 3278 diebus
405 3205 590 3281 dominicis
605 3217 640 3280 et
653 3207 787 3281 festivis
804 3207 1121 3282 excommunicatos
1138 3205 1279 3303 publice
1294 3203 1447 3278 nuntiari
1463 3203 1529 3301 (4).
1553 3204 1673 3280 Dictus

264 3349 350 3404 vero
366 3330 609 3406 Maroovnldns
624 3355 647 3406 a
660 3331 764 3406 simili
782 3332 847 3406 sibi
858 3351 1007 3429 queens
1021 3332 1210 3422 auxilinm,
1226 3353 1248 3404 4
1263 3331 1373 3428 pirata
1388 3329 1497 3426 predo
1509 3339 1545 3404 et
1556 3337 1673 3427 raptor

264 3473 287 3526 a
304 3454 438 3528 marino
459 3477 529 3530 non
542 3458 616 3550 jam
632 3453 840 3549 latrunculo,
858 3455 923 3530 sed
939 3457 1087 3545 latrone,
1102 3454 1316 3528 Wilielmum
1328 3453 1489 3528 Crassum
1504 3451 1553 3549 (2)
1566 3474 1672 3548 quem

261 3576 294 3650 ei
310 3585 381 3650 tam
406 3599 495 3674 pena
515 3603 622 3676 quam
645 3580 779 3654 facinus
801 3580 995 3676 cosquobat
1018 3579 1158 3672 ascivit,
1179 3587 1214 3653 et
1234 3577 1335 3673 quasi
1359 3599 1431 3650 non
1449 3575 1622 3652 sufficerat
1640 3577 1673 3650 oi

261 3701 358 3796 quod
373 3703 573 3778 carissimus
589 3706 626 3777 in
644 3705 777 3780 Chr'mto
797 3705 890 3779 filins
905 3715 1021 3780 noster
1035 3706 1074 3777 F.
1090 3703 1205 3778 Sicilie
1226 3725 1291 3777 rex
1314 3701 1458 3775 illustris
1480 3723 1547 3776 suo
1560 3701 1673 3776 fuerat

260 3827 466 3921 patrimonio
488 3829 655 3925 spoliatus
681 3831 748 3904 nisi
769 3851 851 3904 eum
875 3833 1004 3905 faceret
1020 3829 1124 3903 etiam
1142 3827 1262 3902 matris
1286 3825 1503 3923 possessione
1522 3825 1669 3922 privari,

296 4142 331 4216 (4)
349 4143 389 4202 Cf.
403 4143 543 4220 epistolem
557 4145 678 4220 ejusdem
690 4147 752 4205 libri
765 4158 797 4204 ιιο
810 4150 862 4204 479
875 4147 948 4208 circo
967 4147 1148 4223 septembrem
1169 4147 1311 4220 scriptam,
1326 4159 1381 4219 qua
1394 4158 1516 4201 summus
1536 4141 1668 4216 pontifex,

259 4237 374 4300 debetis
382 4243 529 4302 4444444444
538 4243 676 4302 44444441
688 4243 735 4318 qni
749 4245 905 4304 mandatnm
916 4247 1090 4322 apostolicum
1102 4261 1211 4304 serrare
1222 4243 1415 4302 contumaciter
1427 4240 1546 4316 respuit,
1556 4259 1571 4294 s
1581 4237 1671 4312 ipsum

259 4341 387 4414 nuquam
400 4341 556 4414 periurum,
570 4341 745 4416 sacrilegum,
760 4343 967 4416 incendiarium,
986 4343 1135 4418 perfidum,
1152 4341 1313 4400 sceleratum
1334 4347 1363 4398 et
1383 4339 1536 4396 invasorem
1558 4349 1668 4393 excom·

259 4435 391 4506 manicat,
404 4438 624 4510 anathematizat,
638 4439 774 4496 maledicit
787 4445 816 4497 et
828 4441 946 4499 (4444444.
957 4459 971 4494 s

296 4529 334 4604 (t)
353 4531 427 4590 idem
437 4533 490 4592 ists
500 4549 564 4592 crim
575 4535 628 4594 boc
640 4533 721 4593 titolo
732 4533 901 4596 :Wittslmos
911 4539 1036 4610 Grecos,
1047 4541 1133 4596 emes
1143 4536 1245 4596 Multus
1258 4542 1286 4594 et
1296 4531 1461 4596 admiratio,
1476 4528 1555 4590 tostis
1567 4542 1668 4588 metne-

259 4629 335 4684 ratur
345 4628 374 4685 in
386 4631 525 4710 privilegio
536 4633 636 4693 inedito
646 4631 759 4692 lieuriof
770 4636 838 4694 44444
858 4651 909 4711 pro
928 4635 1147 4697 decussatim
1160 4636 1194 4696 do
1207 4649 1278 4694 auno
1299 4631 1380 4700 tter,
1393 4629 1453 4688 loeo
1467 4634 1495 4688 et
1509 4643 1603 4690 mense
1614 4641 1669 4687 nou

259 4727 405 4799 expressis.
