4334 5980
546 557 603 618 tto
984 619 988 626 ,
1048 555 1262 618 Ftttoetttct
1291 556 1465 618 sttcttrtut
1768 557 1849 638 [tm.
1865 557 1953 620 1210.

545 689 800 764 successoribus
821 688 890 762 tuis
914 697 950 760 et
971 689 1111 762 Berensi
1136 691 1283 766 ecclesie
1308 693 1415 764 libere
1441 700 1476 766 et
1500 693 1576 764 sine
1601 692 1741 770 servitio
1764 693 1956 788 predictum

546 825 696 888 castrum
712 814 840 886 Bitricti
855 835 934 886 cum
948 814 1109 888 omnibus
1123 815 1317 890 tenimentis
1330 825 1366 888 et
1382 815 1593 910 pertiuentiis
1609 815 1697 906 suis;
1717 827 1906 890 statuentes
1919 828 1958 889 nt

546 951 583 1010 tu
602 959 736 1010 necnon
756 939 915 1010 barensis
934 939 1078 1011 ecclesia
1096 947 1246 1011 castrum
1265 940 1380 1034 ipsum
1392 962 1476 1046 'cum
1501 941 1697 1012 tenimentis
1710 949 1745 1014 et
1767 941 1956 1016 rationibus

545 1063 618 1134 suis
643 1071 810 1157 perpetuo
835 1062 941 1134 libere
958 1071 994 1134 et
1010 1062 1127 1158 quiete
1154 1064 1376 1158 possideatis,
1395 1075 1429 1138 et
1449 1066 1566 1136 nullus
1582 1087 1658 1136 eam
1678 1065 1808 1138 exinde
1834 1069 1956 1138 moles·

544 1196 618 1260 tare
635 1195 821 1282 presumat.
840 1185 896 1260 Ad
913 1185 1017 1280 huius
1030 1187 1146 1260 a'utem
1162 1187 1373 1280 donationis,
1389 1189 1622 1262 concessionis
1638 1199 1673 1261 et
1688 1187 1955 1264 confirmationis

543 1321 657 1383 nostre
680 1312 877 1384 memoriam
912 1321 946 1383 et
974 1311 1173 1384 inviolabile
1192 1309 1462 1405 firmamentum,
1482 1335 1624 1410 presens
1649 1313 1870 1410 privilegium
1895 1337 1955 1412 per

543 1457 668 1508 manus
688 1435 826 1508 Andree
847 1436 969 1508 notarii
990 1444 1025 1508 et
1047 1433 1160 1508 fidelis
1183 1437 1290 1509 nostri
1314 1437 1414 1510 scribi
1437 1449 1472 1510 et
1493 1439 1678 1532 majestatis
1702 1449 1816 1512 nostre
1843 1441 1954 1531 sigillo

544 1561 753 1657 precipimus
768 1561 988 1650 communiri,
1006 1582 1110 1652 anno,
1133 1583 1252 1635 meuse
1269 1571 1304 1635 et
1321 1556 1509 1636 indictione
1528 1563 1743 1658 subscriptis.

542 1673 544 1676 ⁵
592 1687 718 1757 Datum
734 1685 770 1756 in
786 1685 926 1758 civitate
942 1685 1108 1776 Messene,
1128 1708 1219 1759 anuo
1237 1685 1408 1758 dominice
1426 1687 1671 1760 incarnationis
1689 1687 1869 1760 millesimo
1889 1687 1955 1760 du-

545 1809 730 1902 centesimo
748 1807 895 1902 decimo,
917 1829 1035 1882 mense
1050 1809 1142 1902 julii,
1165 1809 1417 1884 tertiodecimo
1440 1811 1650 1902 indictionis,
1670 1811 1769 1905 regni
1792 1834 1876 1884 vero
1895 1812 1956 1886 do·

545 1933 630 2006 mini
652 1933 758 2004 nostri
774 1933 927 2006 l'ederici
950 1934 1012 2006 Dei
1033 1936 1143 2029 gratia
1163 1933 1337 2030 magnifici
1354 1936 1446 2030 regis
1465 1936 1595 2026 Sicilie,
1612 1936 1759 2009 ducatus
1774 1935 1899 2032 Ap'ulie
1922 1947 1956 2010 et

546 2057 757 2156 principatus
773 2059 888 2153 Capue
908 2079 1000 2131 anno
1019 2059 1120 2131 tertio
1140 2058 1288 2152 decimo,
1311 2059 1465 2133 feliciter.
1489 2059 1611 2133 Amen.

1603 2369 1725 2380 -ι--ι-

599 2645 811 2729 Friderieus
833 2669 900 2725 rex
923 2641 1072 2726 Siciliae
1094 2641 1273 2724 ecclesiae
1291 2641 1420 2723 Sancti
1439 2639 1613 2724 Andreae
1629 2641 1678 2722 de
1695 2639 1835 2746 Plutia,
1859 2668 1956 2751 quae

544 2791 602 2864 est
618 2777 832 2863 obedientia
849 2775 1028 2859 eeclesiae
1039 2773 1228 2857 Dominici
1246 2773 1431 2884 Sepulcri,
1443 2783 1623 2883 perpetuo
1641 2773 1785 2856 relaxat
1802 2775 1957 2885 triginta

544 2924 582 2998 et
599 2922 683 2998 octo
701 2912 842 2994 salmas
860 2909 1097 3014 victualium,
1119 2935 1217 3020 quas
1234 2907 1317 3018 ipsa
1335 2908 1492 2991 ecclesia
1510 2907 1708 2990 aunuatim
1722 2909 1849 2992 curiae
1867 2935 1956 2992 suae

545 3049 689 3133 soluere
707 3045 919 3128 tenebatur.

625 3263 727 3340 (nutu
749 3279 790 3322 ns
810 3260 961 3334 Remu,
979 3253 1313 3339 Gcrtubiredcl'tptiee
1332 3255 1417 3318 dus.
1435 3253 1812 3336 Stputrcdeltncselenr,
1832 3273 1864 3336 p.
1886 3265 1955 3336 ³1²,

663 3379 698 3432 n·
715 3365 794 3448 nrt.)

593 3554 794 3630 Fredericus
822 3551 944 3624 divina
974 3551 1112 3622 favente
1139 3549 1320 3622 clementia
1349 3570 1413 3624 rex
1444 3547 1576 3636 Sicilie,
1599 3547 1747 3619 ducatus
1770 3545 1898 3642 Apulia
1924 3556 1958 3620 et

545 3681 757 3782 principatus
783 3676 912 3770 Capue.
939 3673 1016 3760 Que
1035 3673 1261 3747 sacrosanctis
1286 3673 1440 3746 ecclesiis
1461 3681 1496 3744 et
1517 3673 1601 3744 locis
1619 3671 1874 3745 venerabilibus
1891 3673 1957 3744 lur-

545 3807 699 3899 giuntur,
720 3813 755 3875 et
775 3799 975 3873 hominibus
1000 3807 1082 3869 suut
1103 3807 1243 3893 accepta
1267 3807 1301 3870 et
1327 3799 1429 3868 saluti
1457 3795 1640 3892 proliciunt
1659 3796 1866 3868 animarum.
1890 3797 1957 3868 Nos

544 3933 662 4025 itaque
687 3926 901 4000 attendentes
928 3923 1163 3996 venerandam
1190 3921 1392 4016 religionem
1422 3923 1562 3993 fratrum
1584 3921 1753 3992 Dominici
1777 3921 1954 4016 Sepulcri,

480 4047 484 4054 ’
541 4057 578 4128 in
594 4075 664 4151 quo
680 4053 756 4125 llex
773 4071 894 4146 regum
912 4056 947 4121 et
964 4047 1120 4120 Salvator
1141 4047 1176 4118 in
1197 4067 1235 4119 se
1251 4045 1461 4144 sperantium
1481 4065 1605 4142 corpus
1623 4067 1725 4116 suum
1739 4045 1877 4162 'placuit
1892 4045 1957 4116 bu·

541 4179 691 4254 manitus
717 4173 870 4272 sepeliri,
891 4172 936 4246 ob
958 4173 1186 4246 reverentiam
1201 4171 1278 4264 ejus
1300 4180 1335 4244 et
1359 4171 1519 4242 meritum
1544 4169 1731 4242 honestetis
1757 4168 1957 4243 eorumdem
2072 4165 2077 4178 '

541 4307 703 4393 bouum,
723 4321 785 4397 pro
808 4297 963 4372 remedio
984 4317 1124 4390 quoque
1142 4295 1335 4368 animarum
1361 4295 1511 4367 felicium
1531 4303 1756 4388 augustorum
1779 4303 1958 4387 parentum

541 4439 734 4502 nostrorum
748 4425 839 4497 bone
852 4421 1019 4494 memorie
1033 4429 1067 4494 et
1082 4420 1192 4493 salute
1206 4428 1334 4508 nostra,
1351 4437 1487 4490 necnon
1502 4428 1537 4490 et
1555 4419 1678 4490 intuitu
1697 4418 1875 4513 probitatis
1892 4419 1960 4492 lra-

541 4554 604 4626 tris
626 4549 813 4626 Alexandri
836 4545 960 4645 prioris
990 4543 1133 4618 ecclesie
1158 4543 1273 4644 Sancti
1303 4541 1440 4616 Andree
1465 4541 1510 4615 de
1530 4537 1687 4642 Pln[tia]‚
1708 4565 1778 4638 que
1799 4552 1850 4616 est
1869 4544 1961 4615 obe-

540 4676 670 4750 dientia
687 4671 833 4771 predicti
849 4669 1021 4744 Dominici
1038 4667 1214 4765 Sepulcri,
1237 4665 1281 4740 de
1299 4677 1463 4740 consuete
1481 4680 1595 4742 nostre
1614 4667 1827 4742 liberalitatis
1849 4668 1960 4762 gratia
