4334 5980
502 547 565 612 242
1005 559 1222 626 FlillilllilCl
1250 566 1425 630 strettun!
1731 573 1813 653 [Ass.
1832 575 1915 638 1213.

506 685 670 779 moriam,
700 711 841 783 presens
863 694 1027 790 scripturn
1052 721 1116 794 per
1140 723 1266 776 manus
1288 705 1436 802 Philippi
1461 707 1583 780 nourii
1610 720 1645 782 et
1673 709 1784 786 fidelis
1812 715 1914 788 nostri

506 810 611 884 scribi
627 820 663 884 et
675 817 862 906 majestatis
874 829 988 894 nostre
1002 822 1115 917 sigilio
1125 827 1294 918 iussimus
1308 831 1525 904 communiri.

553 937 677 1008 Datum
697 939 872 1034 Panormi,
893 967 985 1019 anno
1010 947 1183 1024 dominice
1204 953 1450 1028 incarnationis
1471 954 1656 1033 millesimo
1680 959 1913 1036 ducentesimo

504 1059 603 1132 tertio
621 1061 775 1154 decimo,
796 1087 915 1142 mense
928 1071 1093 1164 januarii,
1112 1075 1222 1168 prime
1238 1076 1449 1152 indictionis.

313 1554 463 1654 iiiiii:
554 1564 787 1674 inidoneus,
811 1568 1071 1652 Romanorum
1102 1596 1188 1677 rer,
1211 1567 1453 1683 privilegium
1480 1597 1504 1654 a
1527 1569 1713 1682 Liupoldo
1739 1571 1911 1656 lustriae

500 1699 598 1782 duce
623 1701 790 1784 claustro
818 1702 945 1785 Sancti
969 1703 1135 1787 Floriani
1158 1704 1350 1788 indultum
1375 1703 1594 1814 confirmat,
1624 1732 1703 1816 quo
1728 1705 1830 1790 idem
1861 1706 1909 1789 ab

498 1832 604 1915 omni
624 1833 851 1918 secularium
864 1834 1037 1944 judicum
1052 1835 1314 1946 jurisdictione
1340 1848 1378 1922 et
1402 1839 1641 1948 peculiariter
1660 1839 1799 1952 judicis
1825 1841 1907 1926 Or-

498 1964 579 2047 tolfi
598 1965 646 2048 de
664 1967 926 2052 Volchinstorf
937 1969 1127 2052 eximitur.

575 2158 789 2233 (Memoratum
800 2175 846 2236 ap.
863 2161 974 2234 Suum,
989 2158 1149 2222 domme
1169 2159 1218 2222 des
1239 2163 1334 2242 cipio
1347 2160 1540 2238 sartorius,
1554 2180 1587 2241 p.
1603 2172 1662 2225 asc
1677 2162 1781 2244 (Lina,
1801 2169 1903 2238 tots).

615 2265 675 2342 Qui
687 2267 807 2344 quidem
821 2283 860 2328 ex
879 2269 1013 2346 originali
1032 2270 1065 2328 in
1083 2269 1204 2330 mehiro
1217 2271 1387 2332 monasterii
1403 2269 1460 2332 hoc
1477 2271 1691 2349 deprompsisse
1709 2269 1826 2332 nutus
1849 2271 1905 2332 Sed

615 2389 709 2451 quum
722 2374 754 2434 in
767 2376 959 2435 monumentis
969 2373 1140 2436 Gemonios
1147 2375 1289 2438 domis
1301 2394 1369 2440 cum
1378 2379 1502 2440 caeteris
1515 2379 1725 2456 imporatorum
1736 2377 1902 2454 diplomati·

615 2481 670 2542 irus
679 2483 805 2556 (utinam
819 2499 866 2544 res
882 2483 921 2544 ad
934 2483 1072 2545 ellectum
1086 2484 1275 2564 pervenisti)
1289 2484 1502 2562 publicandam
1516 2487 1567 2557 sit,
1582 2485 1793 2546 documentum
1806 2485 1844 2544 ad
1856 2487 1903 2545 in-

611 2591 729 2666 tegrum
740 2589 995 2651 transcribendum
1008 2607 1089 2652 nunc
1102 2607 1354 2669 supervacaneum
1366 2591 1527 2654 arbitratos
1539 2597 1599 2666 αἱς
1610 2591 1736 2653 testibus
1748 2597 1863 2653 mamm
1875 2597 1905 2652 et

609 2697 689 2758 notis
701 2695 915 2778 chronologicis
926 2699 1044 2760 insertis
1056 2715 1133 2777 quaa
1145 2704 1215 2760 sunt
1227 2701 1288 2762 itst
1299 2699 1313 2778 J

541 2851 694 2954 [Testes]
712 2857 906 2952 leopoldus
924 2857 1000 2931 dux
1020 2855 1157 2931 Austris
1174 2867 1209 2930 et
1228 2857 1357 2954 Styrie,
1376 2857 1596 2932 Bernhardus
1614 2857 1690 2931 dux
1707 2857 1899 2947 Kerinthie‚

489 2981 680 3078 Diepoidus
698 2981 851 3053 marchio
870 2977 952 3080 [de]
970 2982 1176 3075 Vohborch‚
1197 2983 1400 3057 Gebhardns
1418 3003 1534 3056 comcs
1552 2983 1597 3058 da
1614 2983 1807 3072 Tclnsieio,
1827 2982 1903 3054 Otto

490 3109 598 3180 Tuom
623 3105 814 3179 advocatus
840 3105 916 3202 (sic)
940 3105 1008 3204 (a),
1037 3107 1171 3181 Uiricus
1198 3108 1243 3182 de
1268 3107 1379 3184 Pecira
1401 3117 1436 3182 ct
1458 3107 1639 3182 Luitoldus
1666 3109 1770 3182 frater
1796 3130 1897 3196 suus,

491 3229 698 3304 Gondacher
719 3229 764 3303 de
784 3233 900 3327 Styre,
920 3231 1154 3306 Goddeiridus
1172 3233 1218 3306 de
1239 3233 1436 3324 Truohsen,
1459 3233 1627 3308 liudolfus
1652 3233 1698 3308 ds
1716 3232 1897 3322 sudsere,

490 3355 696 3429 Rcinbertus
730 3355 775 3430 de
803 3356 1006 3449 discrecio,
1037 3356 1231 3430 fridericus
1257 3357 1302 3430 de
1328 3329 1491 3448 Peioris,
1518 3357 1687 3431 Liutolius
1715 3379 1829 3431 comes
1857 3357 1901 3430 de

490 3478 622 3572 Piaien,
643 3479 721 3553 Otto
740 3478 786 3553 de
799 3480 971 3570 Chremse,
992 3483 1070 3554 Otto
1084 3481 1128 3554 de
1145 3480 1266 3572 Graez,
1284 3481 1458 3554 Duorinch
1476 3483 1521 3556 ds
1533 3483 1736 3578 listeiperge
1751 3491 1786 3556 et
1800 3483 1900 3554 irater

489 3625 589 3696 suus,
609 3604 797 3677 llartnidus
816 3603 907 3676 iilius
933 3603 1100 3678 Herrandi
1124 3605 1168 3678 de
1186 3605 1379 3694 Wildonia,
1401 3603 1577 3679 Gotlridos
1601 3606 1647 3679 de
1670 3605 1895 3702 Eppenstein‚

488 3727 687 3801 Herbordus
720 3728 766 3802 de
791 3727 1048 3821 Folchinsdori,
1078 3730 1258 3804 Heinricus
1287 3731 1494 3804 marscalcus
1521 3729 1674 3826 imperii,
1704 3729 1899 3804 waltherus

488 3853 653 3951 pincerna
670 3853 820 3950 imperii,
836 3863 871 3927 et
888 3855 946 3927 aiii
962 3855 1197 3950 quamplures.

536 3977 623 4052 Actu
638 3987 720 4050 snut
732 3977 797 4052 hec
815 4000 906 4052 anno
921 3977 1057 4052 Domini
1073 3977 1219 4052 Mccxv
1232 3977 1262 4076 (i
1272 3981 1298 4077 ),
1314 3989 1479 4076 regnanto
1493 3979 1633 4053 domino
1644 3979 1817 4054 Friderico
1834 3981 1898 4052 lio·

487 4125 668 4178 manorum
690 4125 774 4198 rege
792 4115 827 4178 et
851 4125 933 4200 rega
953 4103 1069 4177 Sicilie
1087 4103 1248 4198 glorioso,
1267 4125 1360 4178 anno
1375 4105 1473 4202 regni
1488 4103 1634 4179 Romani
1653 4103 1681 4196 i,
1702 4105 1800 4200 regni
1816 4127 1899 4178 vero

486 4229 602 4304 Sicilie
615 4229 722 4303 Xllll.

531 4380 575 4466 (a)
595 4382 801 4447 verisimiliter
813 4380 892 4444 domi
901 4379 1069 4460 admisi,
1082 4381 1231 4464 Donoopt.

398 4669 403 4676 ,
523 4622 561 4698 (t)
579 4621 717 4680 Annorum
728 4621 803 4696 regni
815 4622 928 4681 Romani
940 4627 968 4680 st
979 4620 1130 4678 indictionis
1140 4619 1329 4679 concordantia
1338 4619 1502 4680 sufficienter
1515 4625 1645 4694 quantum
1655 4619 1775 4677 roudus
1786 4619 1813 4675 in
1826 4631 1896 4674 anno

484 4718 589 4779 Domini
603 4721 719 4778 notando
734 4719 877 4792 amaverit,
887 4719 1061 4778 demonstrat.
1070 4717 1164 4777 Annus
1175 4735 1283 4793 quoquo
1295 4718 1371 4793 regni
1383 4717 1489 4777 Siciliae
1500 4717 1609 4792 quintos
1622 4717 1743 4776 decimus
1755 4721 1805 4774 est.
