4334 5980
522 508 586 570 214
1030 501 1244 563 Flillllllilcl
1270 502 1445 564 sucuvol
1750 501 1833 589 [An.
1850 503 1935 566 1212

524 655 562 719 et
588 643 624 714 in
648 641 742 714 nullo
766 638 1022 728 contravenire;
1041 637 1108 710 hcc
1133 659 1217 712 sene
1242 639 1412 712 intellecto
1439 636 1537 733 quod
1561 639 1720 711 consules
1745 641 1937 712 communis

525 770 637 841 lanne
652 766 714 861 qui
729 764 834 839 modo
850 773 931 838 sunt
947 763 1004 837 vel
1019 763 1080 858 qni
1097 785 1160 859 pro
1176 773 1329 859 tempore
1347 765 1499 854 luerunt,
1519 783 1640 836 omnes
1657 765 1714 836 vel
1729 765 1840 856 major
1859 787 1937 860 pers

527 913 648 964 eornm
671 911 734 963 seu
756 899 907 986 potestus
928 887 1120 960 communis
1144 889 1253 960 Jcnuc
1275 911 1337 984 per
1361 909 1401 960 se
1418 887 1475 960 vel
1492 909 1612 960 eorum
1635 897 1768 960 certum
1795 889 1936 962 missum

528 1016 659 1110 possint
685 1015 751 1110 ipsi
774 1014 916 1087 domino
936 1013 1010 1108 regi
1031 1015 1088 1086 vel
1106 1015 1182 1106 ejus
1200 1021 1293 1086 certo
1311 1013 1415 1086 misso
1434 1013 1638 1108 prolongare
1659 1013 1863 1104 terminum,
1883 1035 1938 1088 so·

528 1137 706 1211 lnmmodo
724 1137 769 1209 de
789 1137 914 1210 diebus
932 1135 1132 1231 quindecim
1149 1133 1315 1232 predictis
1333 1145 1368 1207 et
1386 1135 1431 1208 de
1454 1135 1625 1210 solutione
1643 1135 1800 1208 leciendc
1820 1148 1854 1210 et
1872 1139 1935 1210 nisi

525 1271 696 1358 qnantum
735 1263 828 1354 justo
863 1261 924 1333 Dei
958 1259 1205 1356 impedimento
1234 1259 1291 1332 vel
1321 1259 1498 1332 oblivione
1530 1260 1745 1332 remanserit.
1778 1259 1937 1346 Quodsi

521 1388 657 1479 justum
673 1387 737 1458 Dei
756 1386 1039 1482 impedimentum
1056 1386 1112 1458 vel
1129 1384 1259 1458 oblivio
1277 1383 1500 1458 intervenerit
1517 1395 1552 1456 et
1566 1385 1596 1458 si
1613 1385 1779 1458 terminus
1798 1389 1854 1460 vel
1871 1396 1937 1460 ter·

528 1511 614 1582 mini
637 1509 795 1606 producti
823 1510 966 1601 inerint,
985 1530 1027 1582 eo
1049 1531 1136 1582 euve
1161 1519 1331 1583 benmctc
1355 1518 1390 1582 et
1415 1509 1461 1584 ed
1483 1509 1669 1582 terminum
1694 1510 1751 1582 vel
1777 1512 1939 1585 terminos

529 1634 716 1730 productos
738 1655 874 1730 semper
898 1633 1069 1708 tenebitur
1093 1633 1255 1708 dominns
1278 1655 1342 1705 rex
1367 1642 1405 1706 nt
1428 1632 1667 1730 supradictum
1689 1643 1742 1706 est
1764 1657 1875 1730 usqne
1892 1637 1936 1711 cd

528 1757 858 1832 consummationem
890 1757 1034 1854 predicti
1068 1757 1240 1856 privilegii
1276 1768 1312 1831 et
1341 1757 1446 1830 totius
1474 1758 1596 1854 prelati
1630 1757 1738 1832 debiti
1770 1759 1937 1854 integram

527 1882 747 1955 solutionem.
1923 1882 1928 1892 '

577 2005 700 2078 Actum
717 2007 827 2079 lanus
841 2006 995 2099 feliciter,
1016 2005 1120 2080 dante
1139 2007 1299 2097 Domino,
1317 2006 1352 2078 in
1367 2027 1503 2079 camera
1521 2005 1647 2078 domus
1664 2007 1794 2080 Nicolei
1810 2007 1936 2095 Aurie,

529 2129 676 2202 testibus
704 2127 751 2202 ad
783 2129 848 2202 boo
874 2131 1072 2203 convocatis
1095 2131 1252 2204 iohanne
1274 2129 1465 2204 llancberio
1483 2140 1517 2204 et
1532 2127 1713 2204 Guillelmo
1734 2133 1939 2228 Cuparragia

530 2252 732 2347 clavigeris,
751 2253 905 2326 iohanne
926 2253 1078 2328 Contraci
1098 2265 1134 2328 et
1152 2253 1338 2328 blembisic
1357 2252 1481 2328 scribis
1498 2256 1692 2328 communis
1709 2257 1832 2346 Ianne,
1848 2281 1939 2332 anno

529 2376 703 2450 dominice
730 2377 923 2451 Natiuitatis
948 2379 1129 2453 millesimo
1150 2379 1387 2452 ducentesimo
1411 2379 1637 2470 duodecimo,
1664 2378 1853 2456 indictione
1874 2383 1939 2457 de·

527 2501 620 2574 eima
636 2510 758 2598 quarte
773 2502 838 2599 (l),
858 2523 950 2577 nono
966 2503 1025 2578 die
1035 2503 1127 2598 julii,
1149 2503 1242 2577 circu
1260 2505 1412 2577 terciam.

764 2797 846 2806 ......
850 2793 1709 2809 ..ww-...mm

323 3091 505 3198 sggfflgp
584 3071 652 3154 llic
674 3071 739 3154 XV
756 3071 843 3184 julii
869 3071 918 3156 de
944 3071 1092 3156 civitate
1117 3072 1259 3178 [lanua
1276 3072 1509 3180 Fridericus]
1535 3073 1688 3158 recessit
1718 3085 1757 3158 et
1785 3077 1941 3187 Papiam

342 3199 489 3296 v'ffln
528 3205 707 3314 perrexit.
719 3205 921 3314 Pupienscs
933 3231 1023 3290 vero
1038 3231 1126 3290 oum
1145 3232 1289 3317 magna
1306 3206 1551 3290 multitudine
1561 3206 1734 3290 militum
1751 3209 1943 3292 duxerunt

341 3305 486 3356 Tridentum,

347 3361 483 3468 ,gp-pom·
528 3337 642 3422 illum
659 3339 761 3422 ultro
778 3338 1006 3448 Lambrum,
1026 3338 1156 3450 ibique
1172 3350 1390 3449 expectatus
1408 3366 1432 3422 e
1451 3341 1769 3426 Cremonensibus
1785 3353 1824 3426 et
1841 3368 1945 3426 mar-

568 3655 606 3730 (l)
623 3654 765 3712 tunnensis
777 3655 897 3712 notarius
908 3655 935 3711 in
946 3655 999 3712 boc
1012 3653 1190 3713 instrumento
1201 3655 1373 3714 indictionem
1387 3661 1514 3714 numeret
1526 3671 1602 3714 more
1612 3654 1799 3728 tennensium
1810 3657 1872 3730 quis
1885 3657 1944 3716 lue-

531 3753 568 3812 rit
578 3752 630 3810 iste
642 3751 814 3826 computandi
825 3751 935 3821 modus,
947 3767 982 3809 ex
991 3751 1111 3810 Johmne
1124 3751 1250 3810 innuenti
1263 3751 1343 3827 plane
1356 3753 1536 3842 comperimus
1549 3771 1557 3810 ι
1570 3773 1584 3806 ι
1596 3753 1666 3811 Nota
1676 3754 1749 3826 quod
1762 3753 1824 3810 anni
1837 3754 1943 3812 Domini

535 3855 723 3908 »renovantur
735 3849 763 3906 in
782 3847 902 3906 lrelendis
916 3848 1032 3920 januarii
1046 3848 1104 3906 sive
1117 3849 1145 3906 in
1158 3849 1304 3907 Nativitate
1318 3849 1436 3924 Domini3
1451 3849 1500 3908 sed
1512 3848 1621 3910 indictio
1636 3856 1782 3910 mnemon
1799 3850 1826 3908 in
1848 3858 1944 3910 octava

533 3968 548 4002 ι
562 3947 689 4006 kalendis
702 3946 831 4018 octobris,
844 3951 874 4004 et
891 3947 932 4004 sic
947 3946 1010 4003 anni
1027 3945 1132 4004 Domini
1145 3947 1310 4022 praecedunt
1323 3963 1420 4006 novem
1431 3949 1579 4006 mensibus.
1590 3949 1666 4007 Unde
1676 3961 1770 4008 versus
1785 3967 1792 4006 :
1805 3949 1945 4008 llecsibus

534 4066 548 4100 s
561 4045 632 4104 benc
644 4061 742 4103 novem
754 4043 859 4101 Domim
871 4045 1049 4119 praecursitet
1058 4059 1155 4102 annus
1165 4062 1179 4098 »
1188 4043 1248 4104 Vid.
1258 4043 1402 4117 merus,
1422 4046 1519 4116 (liceo,
1531 4048 1608 4104 verb.
1622 4043 1747 4104 indictio.
1756 4045 1843 4118 Quem
1855 4047 1943 4105 locum

530 4151 654 4204 maeres
667 4142 727 4200 libri
739 4141 961 4203 dictirNoucccu
970 4143 1053 4200 troili
1064 4141 1095 4200 do
1106 4142 1310 4218 diplomatiquc,
1316 4145 1424 4220 t.tv‚p.
1432 4147 1494 4216 tut,
1504 4145 1688 4216 laudaverunt,
1695 4145 1759 4202 dum
1771 4145 1943 4203 indictionem

530 4243 604 4318 apud
614 4241 763 4300 leonenses
774 4241 818 4298 die
827 4241 956 4299 vicesimo
973 4247 1070 4314 quarto
1090 4240 1252 4316 septembris
1268 4241 1417 4316 incoepisse
1431 4249 1602 4300 testarentur.
1618 4243 1683 4302 illos
1697 4259 1762 4302 vero
1775 4243 1854 4300 latuit
1865 4245 1944 4301 mem

531 4340 718 4411 indictionem,
732 4339 793 4396 licet
811 4338 898 4397 forme
910 4353 1078 4412 caesaream,
1092 4354 1122 4396 re
1135 4339 1195 4412 ipsa
1212 4355 1267 4398 non
1284 4339 1432 4415 incoepisse
1444 4340 1495 4398 nisi
1505 4357 1560 4399 uno
1572 4357 1643 4398 anno
1655 4340 1790 4416 completo
1801 4347 1863 4416 post
1874 4356 1944 4398 cee-

529 4453 635 4498 sercam
647 4437 816 4494 indictionem
829 4435 993 4509 ubicumque
1005 4441 1070 4494 tunc
1082 4435 1217 4493 mutam.
1229 4435 1376 4507 Quodluce
1384 4435 1481 4495 olenus
1492 4437 1642 4496 incaeteris
1654 4438 1756 4496 chortis
1765 4437 1946 4494 lennensibus

530 4533 611 4608 hujus
624 4533 684 4592 aevi
697 4540 824 4608 apponet,
837 4533 902 4592 dum
923 4531 1038 4607 exempli
1052 4547 1136 4592 cause
1152 4531 1258 4590 Maec
1270 4540 1371 4607 quarm
1388 4533 1498 4594 indictio
1515 4535 1561 4594 hic
1577 4541 1670 4593 netum
1688 4534 1785 4604 luerit,
1797 4549 1867 4609 quae
1886 4535 1946 4594 eive

530 4631 705 4707 pontificalis,
717 4630 901 4704 siveGreece,
910 4630 967 4688 siue
978 4629 1138 4708 imperialis,
1148 4628 1252 4690 decim
1264 4632 1363 4706 quium
1375 4647 1469 4692 meuse
1483 4633 1550 4708 julio
1561 4635 1632 4694 tili
1644 4631 1845 4692 nrunerabatur.
