4382 5946
514 543 576 606 314
1016 543 1229 610 tntndtttct
1255 545 1429 608 sttcttn'ttt
1736 542 1820 622 [Aen.
1837 542 1921 603 1214

520 699 669 773 comque
683 677 817 772 aliquid
831 677 986 750 debonis
1006 679 1138 774 imperii
1153 682 1304 778 possidet
1316 683 1456 755 nomine
1477 679 1594 773 leudi,
1611 679 1752 752 licenter
1765 700 1805 750 ac
1819 679 1925 750 libere

517 813 687 898 quantum
700 803 848 876 voluerit
861 823 907 876 ex
921 803 1044 876 iisdem
1059 815 1221 901 tanquam
1239 807 1418 905 proprium
1435 815 1623 878 memorato
1642 807 1795 878 conterre
1815 803 1925 875 valeat

518 927 690 1022 hospitali,
708 948 840 1024 nosque
858 928 895 1000 id
910 950 972 1023 pro
985 930 1086 1004 nobis
1098 933 1398 1006 etsucoessorlbus
1411 931 1535 1004 nostris
1547 931 1581 1002 in
1596 939 1801 1026 perpetuum
1815 938 1924 1000 ratum

519 1053 708 1146 habemus,
735 1063 770 1126 et
798 1051 935 1126 firmum
959 1064 1064 1150 utque
1086 1057 1310 1132 irrevocabile
1326 1057 1490 1132 volumus
1507 1075 1720 1152 permanere.
1741 1049 1926 1126 Statuimus

520 1177 626 1271 igitur
648 1187 683 1250 et
701 1177 767 1252 sub
789 1178 932 1252 obtentu
958 1182 1067 1272 gretie
1092 1193 1207 1256 nostre
1230 1183 1385 1257 districte
1405 1182 1634 1278 precipimus,
1658 1199 1703 1252 ne
1722 1178 1802 1272 quis
1819 1178 1925 1272 ipsam

521 1299 662 1384 domum
682 1302 749 1376 snb
771 1302 835 1374 huc
856 1315 971 1376 nostru
990 1308 1210 1382 concessione
1229 1309 1409 1381 molestare
1426 1307 1482 1379 vel
1500 1305 1605 1379 modo
1620 1303 1775 1400 quolibet
1794 1309 1926 1398 pertur-

519 1425 603 1500 bere
624 1435 810 1522 presumat.
828 1427 931 1512 Quod
946 1430 1007 1524 qui
1022 1431 1142 1505 lecerit
1161 1433 1198 1505 in
1221 1455 1284 1506 soe
1303 1431 1502 1506 temeritatis
1518 1427 1708 1502 vindictam
1733 1436 1871 1498 centum
1887 1424 1928 1494 li-

521 1551 602 1626 hres
613 1551 687 1626 euri
705 1563 898 1646 componat,
915 1553 1099 1628 dimidium
1112 1579 1247 1631 camere
1260 1567 1377 1630 nostre
1387 1565 1423 1630 et
1433 1553 1619 1628 dimidium
1633 1551 1799 1649 prelibato
1811 1547 1927 1624 domui

522 1697 622 1771 passe
643 1675 803 1768 injurium
824 1687 859 1750 et
879 1677 1057 1751 offensam.
1085 1677 1139 1754 Ad
1157 1681 1262 1773 hujus
1287 1681 1336 1753 rei
1362 1687 1489 1752 certam
1508 1677 1720 1750 evidemiam
1739 1674 1805 1746 hoc
1821 1671 1928 1768 priri-

521 1799 651 1892 legium
669 1799 838 1872 conscribi
855 1822 897 1873 ac
915 1804 1101 1896 mejestatis
1117 1814 1233 1877 nostre
1250 1803 1363 1898 sigillo
1375 1803 1543 1896 jussimus
1560 1801 1701 1874 muniri.

574 1923 684 2016 Hujus
705 1923 755 1996 rei
782 1933 884 1998 testes
910 1937 991 1999 sunt
1015 1927 1161 2002 Siiridus
1187 1929 1464 2026 archiepiscopus
1478 1927 1718 2022 lloguntinns,
1739 1925 1930 2020 Apostolioe

524 2046 624 2120 Sedis
652 2047 804 2142 legatus,
836 2049 1066 2126 Theodericus
1095 2053 1311 2126 'treverensis
1333 2053 1628 2148 archiepiscopus,
1658 2049 1817 2124 llcardus
1842 2049 1929 2120 leo-

526 2170 668 2264 diensis,
685 2173 763 2245 Otto
780 2175 1048 2271 Herbipolensis‚
1067 2177 1215 2252 Sitridus
1232 2177 1461 2272 Augustensis
1478 2177 1647 2273 episcopi,
1669 2175 1803 2250 Ulricus
1819 2173 1929 2246 Sancti

526 2295 633 2390 Galli,
659 2297 837 2372 Comedus
868 2301 1096 2376 Laurisseusis
1118 2302 1171 2400 (l)
1196 2303 1357 2394 abbates,
1385 2301 1575 2398 liupoldus
1596 2301 1735 2374 Austris
1757 2309 1792 2373 et
1815 2299 1927 2386 Stirie,

526 2421 706 2494 Heinricos
735 2423 916 2498 Brobantie
938 2437 972 2498 et
998 2427 1236 2522 lotharingie,
1265 2428 1483 2502 Theobeldus
1506 2427 1675 2500 inferioris
1696 2425 1927 2518 Lothuringie,

526 2545 747 2620 Bernhardus
765 2547 954 2642 Cerinthie,
977 2551 1055 2624 Otto
1073 2553 1225 2624 Merenie
1243 2553 1368 2644 duces,
1394 2553 1611 2624 Hermennus
1632 2550 1783 2624 marchio
1806 2549 1850 2622 de
1865 2550 1931 2622 Ba·

528 2669 618 2762 den,
638 2671 832 2746 Fridericus
854 2675 956 2746 irater
974 2679 1066 2766 ejus,
1092 2675 1303 2750 Lndewicns
1328 2699 1442 2750 oomee
1466 2677 1511 2750 de
1535 2673 1807 2765 1os‚Rudollus
1824 2691 1932 2746 comes

528 2795 574 2868 de
596 2795 882 2893 Habechesbnrg,
904 2801 1006 2894 Hogo
1025 2823 1140 2874 comes
1161 2803 1333 2898 palatinus
1350 2801 1396 2876 de
1413 2803 1586 2896 luingen,
1610 2799 1816 2872 Willrelmus
1833 2799 1933 2869 freter

529 2921 605 3014 ejus
623 2941 739 2993 comes
762 2921 807 2996 de
827 2921 970 3016 Giezen,
994 2925 1174 2998 Heinricus
1196 2948 1312 2999 comes
1330 2925 1376 3000 de
1398 2927 1586 3016 Nessonis,
1607 2923 1802 2998 Fridericus
1823 2941 1931 2994 eomes

532 3045 577 3120 de
601 3045 758 3136 Cleberc,
789 3049 988 3122 Gerhordus
1012 3071 1127 3124 comes
1155 3052 1201 3124 de
1225 3051 1405 3138 Renelrlre,
1432 3048 1643 3124 Lndewicns
1668 3069 1781 3121 eomes
1807 3047 1852 3119 de
1881 3045 1932 3117 ci-

533 3169 715 3266 genhegen
732 3169 804 3269 (2),
828 3171 1008 3248 Heinricus
1026 3197 1141 3248 comes
1163 3176 1208 3250 de
1224 3175 1416 3268 Hostaden,
1441 3173 1602 3248 Albertus
1620 3195 1734 3246 comes
1758 3169 1804 3245 de
1825 3171 1933 3243 Ever-

533 3296 621 3388 stin,
641 3297 795 3370 Sibertus
813 3319 929 3372 comcs
947 3299 992 3374 de
1007 3299 1153 3388 Werde,
1175 3302 1355 3375 Heinricos
1379 3321 1494 3374 comos
1511 3297 1556 3373 de
1574 3297 1844 3393 Geminoponte,
1864 3293 1935 3366 Fri-

534 3421 671 3496 dericus
687 3443 802 3496 comes
821 3422 866 3497 de
883 3423 1064 3518 Liningen,
1083 3425 1218 3499 Ulrioue
1232 3447 1347 3499 comes
1365 3425 1411 3498 de
1426 3425 1561 3522 lippum
1578 3423 1809 3496 Hartmunnns
1825 3437 1935 3492 comes

534 3545 580 3620 de
597 3547 773 3642 Dilingen,
795 3547 975 3622 Dietherus
996 3569 1111 3624 comes
1133 3549 1179 3625 de
1203 3550 1537 3646 Cetzemlenbogen,
1560 3547 1739 3621 Heinriour
1759 3565 1874 3618 comes
1895 3541 1934 3616 de

533 3669 667 3758 Dietse,
689 3671 866 3746 Conredus
883 3695 998 3748 comes
1015 3676 1194 3768 silvester,
1214 3677 1387 3772 llupertus
1404 3697 1519 3748 comes
1537 3675 1715 3764 Hirsutus,
1734 3669 1936 3744 Godelridus

534 3815 649 3870 comes
670 3793 716 3868 de
738 3797 941 3891 Spanheim,
962 3799 1143 3873 Heinricus
1167 3822 1282 3874 comes
1307 3799 1352 3874 de
1370 3799 1596 3888 Semrerden,
1625 3795 1807 3870 Heinricus
1828 3813 1939 3867 comes

534 3921 580 3996 dc
605 3919 783 4012 Vienden,
809 3920 989 3995 Heinricus
1017 3945 1131 3998 comes
1161 3925 1206 4000 de
1231 3925 1388 4016 Selmen,
1409 3923 1618 3998 Godelridns
1640 3921 1686 3996 de
1712 3917 1936 4019 Eppenstein,

535 4045 716 4121 Heinricus
733 4045 779 4120 dc
793 4045 973 4138 lsenbnrc,
993 4048 1155 4122 Gerlacos
1173 4049 1219 4124 de
1235 4049 1424 4145 Butingen,
1442 4045 1632 4121 Hartmdus
1648 4043 1693 4120 de
1715 4043 1938 4132 lleremberc,

536 4171 748 4246 Wemherns
766 4169 811 4246 de
828 4171 994 4246 Bolendiu
1016 4173 1202 4270 imperialis
1221 4173 1302 4248 aule
1324 4171 1469 4270 dapifer,
1491 4169 1746 4247 Hildebrendus
1768 4167 1813 4242 de
1831 4165 1942 4240 Rech-

542 4424 631 4438 --ι
1419 4423 1791 4436 ...μ-...ᾑ--σ-ω--ι
1803 4421 1906 4430 -ι--ο---υ-Ι
1915 4417 1940 4426 -··

577 4591 613 4668 (t)
632 4591 681 4649 llio
692 4591 777 4664 egitur
791 4589 825 4647 de
836 4589 997 4648 monasterio
1009 4591 1159 4664 germanice
1172 4589 1244 4651 dicto
1255 4592 1363 4650 Lorsch.

577 4699 613 4775 (ἲ)
629 4697 759 4758 videlicet
773 4697 886 4754 llr'eneclr
899 4703 926 4754 et
937 4696 1117 4770 Zlepcnher'n.
