4432 5970
1087 487 1302 562 lllllllElllCl
1327 489 1503 554 suenum
1814 497 1893 583 [hart.
1911 500 1998 564 llas

1471 809 1783 826 0....Ἤύ

402 1121 528 1232 „iffi
638 1109 876 1214 Constantia,
897 1109 1159 1195 Romanorum
1189 1110 1410 1221 imperatrix
1426 1123 1465 1196 et
1492 1113 1641 1199 Siciliae
1657 1115 1808 1227 ragina,
1828 1115 1996 1202 herardo

583 1243 862 1352 archiepiscopo
880 1243 1111 1328 Messanensi
1128 1246 1287 1328 mandat
1313 1255 1356 1328 ut
1380 1247 1614 1331 coronationi
1638 1249 1815 1334 Fridcrici
1844 1251 1995 1334 Roma-

582 1401 722 1460 norum
739 1387 777 1460 et
795 1377 944 1460 Siciliae
960 1379 1062 1490 regis
1082 1377 1152 1460 lilii
1177 1377 1237 1460 sui
1263 1378 1357 1461 alias
1384 1381 1619 1464 necessarius
1646 1409 1724 1466 non
1755 1383 1920 1489 intersit3
1941 1385 1996 1467 ita

579 1518 707 1594 mmeu
726 1512 832 1620 quod
848 1511 1026 1622 dignitati
1050 1509 1230 1594 ecclesiae
1255 1510 1337 1620 ejus
1362 1521 1516 1624 propter
1531 1514 1606 1599 hoc
1622 1515 1773 1599 nullum
1790 1515 1993 1625 praejudi-

579 1641 681 1724 oium
698 1640 778 1724 fiat.

657 1883 784 1962 (Edlder.
799 1884 837 1945 n.
853 1884 986 1959 mans,
1000 1879 1080 1946 stat
1095 1900 1183 1958 acer„
1198 1890 1223 1947 t
1238 1885 1269 1960 l,
1280 1901 1311 1964 p.
1328 1893 1399 1960 too,
1414 1901 1452 1947 ax
1465 1885 1560 1948 tahal.
1574 1887 1702 1950 Messon.
1712 1919 1754 1936 ·-
1768 1889 1914 1966 muers,
1924 1890 1990 1954 tlu-

698 1987 763 2050 nctt
775 1987 963 2065 dtPctcuac,
977 1996 1001 2052 t.
1017 1991 1077 2066 111,
1093 2008 1125 2069 p.
1141 1987 1223 2070 soe.)
1292 2057 1294 2060 ,

625 2205 821 2278 Consanus
833 2205 896 2278 Dei
910 2205 1020 2301 gratia
1038 2193 1253 2302 imperatrix,
1269 2225 1406 2302 semper
1422 2213 1570 2300 augusta
1587 2215 1622 2279 et
1638 2207 1758 2302 ragina
1775 2207 1903 2300 Sicilie,
1919 2209 1989 2282 Ba-

576 2328 679 2402 rardo
708 2329 898 2402 venerabili
925 2329 1138 2402 Massaneuai
1166 2328 1424 2424 archiepiscopo
1449 2328 1543 2403 fideli
1566 2351 1631 2404 suo
1653 2331 1799 2426 gratiam
1825 2353 1924 2406 suam
1953 2341 1989 2406 et

575 2452 701 2526 bonam
721 2454 946 2527 voluntatem.
971 2453 1164 2526 Honestatis
1187 2461 1246 2524 tue
1270 2451 1399 2526 litteras
1417 2475 1504 2548 quas
1523 2463 1637 2528 nostra
1660 2455 1855 2528 celsitudini
1877 2454 1988 2529 desti-

576 2578 664 2650 nasti
679 2579 871 2674 recepimus
887 2588 922 2652 et
944 2601 1063 2652 aarum
1083 2578 1171 2652 hene
1188 2577 1347 2650 novimus
1361 2577 1587 2668 intellectum,
1605 2579 1701 2672 quod
1718 2600 1780 2674 per
1796 2601 1856 2654 aas
1870 2589 1987 2653 attan-

575 2703 644 2776 tins
660 2705 861 2800 supplicasti
885 2713 1059 2800 quotanus
1080 2704 1246 2777 iuteresse
1266 2703 1478 2776 coronationi
1502 2703 1669 2776 carissimi
1688 2702 1750 2774 lilii
1775 2705 1881 2777 nostri
1906 2705 1986 2777 Fri-

576 2827 682 2900 darici
702 2829 843 2900 illustris
860 2829 1090 2902 homanorum
1114 2836 1148 2900 et
1173 2826 1287 2899 Sicilie
1311 2825 1404 2919 ragis
1408 2877 1675 2898 .........
1701 2827 1845 2900 Novaria
1864 2827 1981 2922 qnod,

575 2951 654 3024 lieet
675 2973 722 3023 ex
740 2951 907 3044 dignitate
924 2952 1069 3026 ecclesie
1094 2961 1154 3024 tue
1177 2950 1243 3046 ipsi
1269 2948 1480 3022 coronationi
1499 2948 1663 3020 intonasse
1680 2951 1843 3042 tenearis,
1867 2961 1982 3024 mmen

573 3085 613 3148 ut
630 3073 860 3170 prejudicium
873 3074 1053 3167 dignitatis
1065 3073 1209 3146 ecclesie
1225 3083 1284 3144 tua
1300 3092 1368 3144 non
1387 3069 1462 3158 hat,
1483 3071 1566 3164 quia
1584 3071 1756 3166 presentia
1774 3081 1834 3146 tna
1849 3073 1887 3144 in
1902 3095 1982 3168 par-

572 3199 664 3270 tibus
683 3198 768 3294 ipsis
786 3219 849 3294 pro
869 3199 994 3271 nostris
1016 3197 1165 3272 servitiis
1184 3197 1329 3268 multum
1355 3203 1408 3268 ast
1424 3193 1635 3282 necessaria,
1656 3194 1817 3266 volumus
1833 3203 1867 3268 et
1882 3219 1984 3270 man-

571 3322 745 3396 damnsnt
757 3343 936 3396 remaneas
948 3321 1063 3394 omine
1077 3322 1262 3408 fortunato,
1275 3315 1657 3412 quiahanoahsentiam
1665 3318 1982 3418 quasipraseutiam

567 3470 604 3522 ro
629 3457 780 3520 utamus.

604 3471 740 3644 {latum
758 3569 931 3661 Panormi,
951 3568 1072 3640 ultimo
1089 3565 1218 3638 mensis
1231 3565 1363 3661 aprilis,
1383 3564 1570 3636 indictione
1584 3563 1707 3658 prima.

616 3818 836 3918 [Sequuntur
861 3817 897 3888 in
924 3816 1088 3888 eumdem
1110 3815 1251 3888 modum
1275 3835 1356 3884 cnm
1379 3811 1469 3884 notis
1490 3807 1738 3904 chronologicis
1759 3807 1891 3881 eisdam
1914 3808 1979 3882 lit-

564 3953 658 4016 terae
673 3942 891 4016 Constantios
907 3939 1012 4038 clero,
1034 3940 1220 4030 straticum,
1236 3936 1416 4030 jndicibus
1429 3943 1464 4008 et
1481 3934 1643 4005 universo
1656 3933 1783 4026 populo
1797 3932 1979 4007 Messanae

563 4071 727 4156 directae,
748 4068 793 4142 de
810 4067 932 4142 eadem
946 4065 1083 4138 licentia
1100 4063 1250 4136 Barardo
1263 4059 1521 4154 archiepiscopo
1535 4052 1728 4150 enumera]

560 4429 619 4488 illos
631 4443 727 4488 caecos
739 4433 768 4486 et
780 4427 853 4486 virus
866 4423 971 4484 nobiles
983 4428 1012 4480 et
1024 4425 1182 4497 personatos
1202 4415 1268 4474 tecit
1287 4411 1475 4482 demonstrari,
1490 4409 1580 4468 multis
1592 4409 1620 4466 in
1630 4409 1705 4466 curia
1716 4409 1836 4469 Romana
1853 4410 1976 4472 axiam.

560 4527 635 4584 tihus
637 4569 703 4598 ......
717 4533 745 4584 ct
756 4541 806 4600 ego
817 4526 918 4584 llomaa
930 4522 985 4580 vidi
997 4519 1117 4578 eosdem
1131 4511 1273 4574 »conrad
1285 4511 1347 4570 roc.
1365 4511 1445 4584 Urap.
1458 4508 1588 4576 atroam,
1602 4524 1631 4581 p.
1647 4509 1709 4564 ³06.
1789 4515 1800 4534 ·
