4434 5942
251 576 351 636 umam.
366 571 414 650 a]
700 563 900 626 ursuonm
924 563 1219 630 nunnonnulca
1627 561 1667 622 aa

251 703 485 818 protegendo
503 707 635 784 contra
652 697 915 782 Marenaldum
936 699 1074 808 egerit,
1093 698 1328 806 mandatque
1353 703 1397 778 nt
1419 694 1529 805 juxta
1557 694 1667 778 Con·-

253 837 413 920 stantine
426 833 623 944 quondam
636 829 885 941 imperatricis
898 831 1201 940 dispositionem,
1218 822 1504 939 sibi'pecuniam
1517 829 1670 912 mittant

253 972 303 1055 ad
322 967 510 1078 stipendia
522 965 707 1048 exercitus
725 989 841 1074 quem
854 965 1024 1075 undique
1036 973 1169 1049 contra
1181 966 1309 1049 hostes
1323 965 1432 1074 regni
1445 972 1665 1076 congregat.

333 1221 425 1296 (Edit.
437 1221 471 1280 lu
485 1213 840 1298 amalasuentae
854 1215 905 1278 llb.
919 1216 952 1297 1,
965 1226 1000 1278 n⁰
1013 1225 1083 1292 557,
1099 1233 1144 1297 ap
1162 1217 1330 1298 Bassum.
1341 1217 1374 1294 1,
1389 1234 1421 1296 p.
1438 1217 1521 1298 317.)

304 1445 544 1537 Innocentius,
564 1453 648 1530 etc,
669 1439 929 1529 Panormitano,
981 1443 1154 1538 aginensi,
1178 1427 1359 1539 capuano,
1385 1443 1510 1517 ltlontis
1532 1445 1670 1539 Regalis

256 1569 525 1667 archiepiscopis
543 1577 577 1641 et
592 1569 756 1665 episeopo
774 1569 938 1662 Trojano,
959 1569 1186 1642 familiaribus
1208 1569 1319 1663 regis,
1341 1577 1409 1642 etc.
1429 1570 1465 1640 Si
1487 1568 1670 1665 diligenter

257 1695 436 1769 attenditis
452 1702 489 1765 ut
506 1693 641 1768 debetis
662 1702 747 1788 quot
762 1701 797 1766 et
809 1699 940 1787 quanta
953 1715 1017 1788 pro
1034 1692 1164 1766 honore
1180 1694 1273 1788 regis
1286 1703 1320 1767 et
1335 1701 1426 1765 statu
1444 1693 1541 1788 regui
1554 1694 1670 1770 Sicilie

257 1821 303 1896 ab
324 1819 421 1893 obitu
445 1818 584 1891 illustris
607 1817 773 1892 memorie
795 1817 992 1891 Constantia
1018 1818 1243 1914 imperatricis
1270 1818 1415 1891 sollicite
1441 1818 1611 1913 gessimus
1636 1829 1671 1928 et

258 1965 362 2039 agere
390 1964 460 2016 non
477 1965 666 2033 cessamus,
690 1963 752 2037 per
771 1941 930 2016 effectum
955 1962 1098 2038 operum
1117 1943 1260 2038 potestis
1282 1943 1462 2016 evidenter
1483 1963 1670 2036 agnoscere

258 2068 355 2165 quod
379 2068 521 2140 tutelam
538 2067 632 2162 regis
648 2076 683 2139 et
704 2066 805 2160 regni
827 2066 958 2140 balium
981 2067 1082 2140 nobis
1105 2068 1151 2140 ab
1175 2068 1300 2142 eadem
1320 2067 1536 2162 imperatrice
1553 2067 1671 2142 relicta

259 2213 329 2266 non
345 2199 416 2264 tam
431 2191 541 2264 verbo
557 2213 663 2286 qnam
681 2192 772 2264 facte
788 2191 983 2287 recepimus
997 2199 1032 2264 et
1049 2191 1301 2264 studiosissime
1314 2211 1552 2287 procuramus.
1571 2191 1670 2264 Prius

260 2316 351 2391 euim
383 2337 489 2411 qnam
522 2315 640 2388 dilecti
674 2313 736 2387 filii
763 2315 928 2409 magister
952 2316 991 2387 B.
1020 2314 1256 2388 subdiaconus
1288 2323 1404 2386 noster
1433 2323 1468 2387 et
1496 2316 1534 2386 L.
1554 2315 1670 2408 judex

259 2441 368 2537 ipsius
397 2440 623 2536 imperatricis
640 2447 675 2513 et
694 2439 786 2534 regia
809 2461 851 2512 ac
876 2447 992 2512 vestra
1015 2438 1115 2512 nobis
1142 2437 1269 2533 scripta
1286 2437 1462 2530 tulissent,
1485 2438 1532 2512 ad
1551 2438 1670 2512 deleu-

260 2565 393 2639 monem
424 2565 524 2659 regui
560 2563 828 2658 accingebamur
859 2563 1005 2635 viriliter
1036 2571 1072 2634 et
1094 2571 1268 2657 potenter,
1296 2575 1331 2634 et
1361 2561 1408 2634 ad
1441 2563 1670 2637 resistendum

259 2689 324 2762 Dei
339 2689 493 2762 Ecclesia
512 2688 663 2760 inimicis
682 2687 809 2760 milites
828 2687 864 2758 in
884 2686 1049 2783 expensis
1072 2686 1226 2760 Ecclesia
1250 2686 1466 2759 miseramus.
1492 2687 1586 2760 Licet
1604 2711 1672 2760 au-

261 2824 331 2890 tem
356 2837 403 2888 ex
423 2813 703 2911 pusillanimitate
727 2813 906 2886 homiuum
927 2811 973 2886 de
998 2813 1123 2896 Sancto
1144 2809 1334 2904 Germano,
1362 2831 1432 2884 nou
1456 2811 1671 2907 expetentia

261 2939 426 3032 hostium,
449 2947 597 3012 castrum
615 2938 731 3012 Sancti
753 2937 913 3011 Germani
931 2936 1097 3010 traditum
1120 2936 1223 3010 luerit
1244 2936 1281 3008 in
1309 2957 1414 3010 manu
1431 2935 1565 3025 hostili,
1581 2937 1672 3010 mili·

261 3063 355 3136 tibus
373 3063 498 3136 uostris
513 3085 552 3138 se
572 3063 818 3159 recipientibus
834 3063 872 3134 in
895 3063 1142 3137 monasterium
1161 3061 1380 3150 Cassiuense,
1398 3062 1478 3157 plns
1500 3069 1614 3134 tamen
1635 3063 1671 3134 in

261 3186 328 3260 hoc
347 3187 449 3260 vobis
471 3187 640 3261 Dominus
657 3197 692 3260 et
710 3188 771 3261 toti
791 3209 899 3282 regno
920 3187 1093 3260 consuluit
1113 3207 1220 3281 quam
1234 3185 1401 3280 fragilitas
1421 3185 1573 3260 humana
1595 3207 1673 3282 spe·

261 3317 364 3384 reret.
385 3311 471 3382 Nam
492 3311 712 3386 Marcovaldo
730 3311 821 3384 circa
840 3311 1056 3386 obsidionem
1075 3311 1287 3385 cassinensis
1305 3310 1503 3383 monasterii
1528 3310 1675 3384 inaniter

262 3442 444 3530 occupato,
463 3437 622 3529 comites,
646 3437 810 3528 barones,
830 3437 925 3509 cives
943 3445 978 3510 et
993 3437 1053 3510 alii
1072 3436 1164 3530 regis
1179 3445 1214 3509 et
1228 3436 1326 3530 regni
1345 3433 1465 3509 fideles
1481 3456 1530 3508 ex
1548 3458 1675 3532 magna

263 3559 412 3656 partein
431 3561 579 3654 ungulis
593 3561 782 3657 provinciis
798 3562 1043 3635 convenientes
1057 3562 1094 3634 in
1110 3583 1221 3634 unum
1237 3561 1284 3636 ad
1299 3560 1530 3634 resistendum
1546 3561 1593 3649 ei,
1608 3561 1675 3634 sibi

264 3694 386 3759 mutuo
407 3687 595 3760 subvenire
614 3689 811 3780 juramento
833 3685 1030 3779 firmarunt,
1053 3686 1235 3760 immunita
1253 3686 1449 3759 munientes
1470 3695 1504 3760 et
1521 3686 1623 3760 villas
1642 3697 1677 3761 et

265 3810 391 3883 casalia
405 3810 610 3885 reducentes
624 3810 671 3885 ad
688 3811 846 3885 civitates
862 3820 897 3884 et
912 3813 987 3886 loca
1006 3813 1141 3885 munita
1155 3821 1191 3884 et
1207 3820 1325 3885 contra
1349 3833 1429 3885 enm
1446 3812 1551 3885 etiam
1570 3834 1676 3886 exer-

265 3933 372 4006 citum
388 3946 648 4032 congregantes.
674 3937 812 4010 Interim
832 3938 936 4010 etiam
957 3957 1027 4010 nou
1043 3937 1193 4010 cessavit
1209 3959 1334 4010 manus
1347 3937 1484 4010 Domini
1503 3937 1676 4032 flagellare

265 4067 462 4155 tyranuum,
482 4083 561 4134 cum
575 4062 701 4134 milites
714 4062 822 4135 nostri
837 4062 957 4158 sepius
969 4061 1206 4135 inexercitum
1219 4061 1430 4136 Marcovaldi
1445 4061 1610 4135 iacientes
1621 4063 1675 4132 in·

265 4186 395 4256 saltum
413 4188 539 4259 multos
562 4209 609 4259 ex
625 4187 676 4260 eis
699 4187 904 4278 occiderint,
924 4188 1052 4260 mullos
1070 4187 1235 4282 ceperint,
1261 4188 1377 4282 plures
1392 4187 1497 4259 etiam
1513 4187 1675 4259 vulnera·

265 4308 381 4380 verint
403 4318 438 4381 et
463 4310 594 4383 obsessi
620 4311 666 4383 de
691 4310 931 4385 obsidentibus
951 4313 1149 4408 frequenter
1169 4311 1346 4384 victoriam
1368 4310 1586 4406 reportarint.
1607 4311 1677 4384 Nec

265 4433 416 4506 cessavit
437 4434 539 4505 etiam
559 4454 683 4508 manus
704 4445 820 4510 nostra
841 4457 948 4533 super
970 4457 1051 4509 enm
1079 4434 1258 4508 effundere
1279 4455 1363 4506 vasa
1386 4433 1450 4525 ire,
1477 4453 1548 4505 non
1564 4433 1676 4506 solnm

266 4557 501 4654 spiritualiter,
521 4557 584 4630 sed
602 4559 705 4631 etiam
724 4560 956 4656 temporaliter
972 4568 1123 4632 nostram
1145 4581 1250 4656 super
1270 4579 1364 4650 eum,
1391 4557 1496 4630 immo
1520 4555 1676 4631 divinam

265 4683 381 4780 potius
406 4683 595 4780 potentiam
618 4684 830 4776 exercendo,
851 4706 931 4759 eum
952 4705 1015 4780 per
1037 4683 1201 4758 dilectum
1225 4679 1334 4755 filium
1353 4689 1508 4756 uestrum
1529 4681 1562 4755 l.
1587 4681 1679 4754 tituli
