4382 5946
523 507 584 571 ³30
1023 511 1238 572 Flllllllllllll
1263 511 1436 573 seculum
1749 513 1830 590 [llus.
1849 511 1934 572 ttlt.

608 641 774 720 (Memorat.
788 660 837 721 ap.
851 647 1034 716 Vussnrrr,
1045 645 1120 708 Hirr.
1137 643 1172 706 de
1186 644 1372 728 Laomedon,
1386 653 1412 708 t.
1426 647 1488 720 111,
1503 663 1535 724 p.
1554 654 1627 725 tet,
1640 651 1671 708 et
1683 645 1802 708 ursum
1812 663 1861 724 ap.
1876 647 1935 706 Co·

647 765 757 824 nuum,
774 747 928 830 opuscula¹
944 765 976 828 p.
990 750 1072 830 trs.)

575 912 690 982 Testes
708 909 813 1002 hujus
835 912 884 983 rei
909 923 991 984 sunt
1007 913 1189 987 Viderions
1206 914 1426 988 Treverensis
1442 913 1742 1009 archiepiscopus,
1763 911 1939 986 Amedeus

526 1033 777 1106 Bisuntinensis
804 1033 1102 1130 archiepiscopus,
1121 1037 1299 1110 Conradns
1324 1038 1509 1132 spiscopus
1531 1036 1815 1127 constantiensis,
1842 1039 1939 1108 Hen-

526 1159 619 1231 ricns
647 1158 908 1252 Argentinensis
934 1161 1134 1256 episeopus,
1162 1161 1333 1235 Waltcrus
1355 1161 1552 1234 Basiliensis
1576 1163 1724 1248 electus,
1753 1161 1938 1234 Ganlridus

527 1283 738 1356 Tricastinus
764 1285 966 1380 episcopus,
991 1285 1070 1358 Otto
1096 1287 1170 1360 dux
1193 1287 1362 1377 Maronia,
1388 1307 1503 1360 eomes
1524 1285 1727 1382 Rudotphus
1754 1285 1800 1358 do
1823 1287 1938 1358 Haus-

525 1431 625 1506 purc,
645 1417 712 1482 etc.
987 1483 989 1485 ,

575 1533 649 1627 Ego
666 1531 844 1606 Conradus
861 1533 1047 1628 Spirensis,
1067 1543 1134 1606 etc.

576 1659 662 1731 Acta
679 1667 761 1730 snnt
780 1657 845 1730 hec
869 1659 966 1754 apud
984 1659 1170 1750 Basileam,
1192 1682 1286 1734 anno
1305 1659 1479 1734 dominica
1498 1659 1741 1732 incarnationis
1759 1657 1933 1746 dccxlv,

529 1785 576 1856 lll
595 1782 761 1856 kalendas
778 1783 989 1873 decembris,
1012 1781 1199 1856 indictione
1214 1785 1271 1855 lll.

368 2416 472 2509 aspum,
582 2378 814 2484 Fridericus,
837 2378 1098 2462 Romanorum
1124 2403 1210 2484 rex,
1235 2377 1428 2460 Desiderio
1449 2376 1579 2460 Iliensi
1600 2379 1776 2488 episcopo
1797 2380 1939 2490 regalia

327 2515 340 2532 ⁶
361 2523 438 2554 ¹¹¹¹¹¹
456 2524 493 2553 ¹¹¹¹
528 2510 728 2594 confirmat
745 2537 834 2593 cnm
852 2511 965 2619 plena
979 2510 1260 2621 jurisdictione,
1281 2511 1459 2593 ecelesiae
1485 2511 1602 2622 hujus
1624 2537 1756 2596 omnes
1778 2539 1938 2622 posses-

530 2646 654 2730 siones
672 2655 840 2728 recenset
857 2655 895 2726 et
911 2645 951 2725 in
970 2645 1240 2754 protectionem
1256 2671 1367 2728 suem
1382 2645 1551 2754 suscipit.

612 2859 736 2938 (Inedit.
757 2877 794 2920 ex
809 2859 874 2920 cod.
890 2876 970 2938 pcrg.
986 2858 1065 2922 Blbl.
1080 2875 1141 2938 reg.
1162 2859 1268 2932 Parte,
1285 2867 1319 2920 tt
1336 2859 1483 2932 Minima
1500 2859 1580 2922 dleto
1594 2856 1675 2922 aaut
1685 2860 1815 2935 atam,
1830 2862 1941 2924 nitldae

649 2971 812 3044 scripturae
824 2983 901 3046 quae
914 2968 1047 3029 seculum
1065 2969 1187 3028 tertlum
1204 2967 1352 3030 decimum
1369 2967 1487 3028 redolet.
1498 2969 1702 3030 -Memorat
1718 2985 1767 3046 ap.
1783 2967 1937 3044 Gonnum,

654 3069 813 3154 Optarent«.
829 3091 860 3151 p.
875 3077 957 3148 aar.)

579 3268 616 3339 ln
644 3266 783 3341 nomine
808 3273 927 3338 sancte
953 3273 988 3336 et
1013 3262 1196 3338 individue
1217 3263 1401 3338 Trinitatis.
1430 3261 1631 3338 Fredericns
1654 3263 1775 3336 divina
1802 3265 1940 3337 favente

532 3391 714 3466 clementia
729 3391 958 3463 Romanomm
974 3409 1051 3479 rex,
1068 3408 1205 3484 semper
1218 3397 1401 3480 augustus,
1419 3399 1454 3462 et
1471 3409 1535 3461 rex
1548 3387 1676 3461 Sicilie.
1695 3389 1812 3474 Quum
1828 3389 1938 3462 omnis

531 3525 682 3612 potestas
703 3524 737 3588 et
758 3513 874 3588 omnia
891 3515 972 3606 jura
991 3533 1176 3606 regnorum
1194 3513 1240 3584 ab
1258 3513 1317 3586 illo
1336 3533 1411 3586 esse
1435 3521 1624 3586 noscuntur
1642 3533 1824 3608 perquem
1841 3533 1937 3608 reges

531 3649 676 3735 regnant
697 3649 731 3712 et
749 3640 920 3734 principes
932 3639 1013 3730 jura
1034 3637 1246 3725 decernunt,
1270 3657 1374 3734 opere
1397 3637 1551 3733 precium
1569 3647 1622 3710 est
1644 3658 1707 3710 nos
1719 3637 1848 3732 quibus
1866 3659 1938 3709 am·

530 3764 684 3862 plissima
701 3764 845 3836 Romani
866 3771 1016 3858 potestas
1033 3763 1166 3856 imperii
1180 3784 1202 3834 a
1218 3763 1290 3836 Deo
1306 3783 1468 3836 concessa
1486 3763 1663 3858 probatur,
1677 3785 1758 3836 eum
1777 3762 1812 3834 in
1830 3761 1938 3834 servis

531 3891 604 3965 suis
622 3888 767 3982 diligere
784 3908 826 3960 ac
843 3887 999 3960 venerari
1017 3907 1079 3982 pro
1096 3887 1230 3960 viribus
1245 3909 1333 3982 quas
1351 3887 1425 3983 ipse
1444 3887 1606 3980 donavit,
1625 3887 1786 3960 ecclesias
1802 3908 1938 3982 qnoque

532 4016 626 4088 illius
644 4017 700 4088 cni
718 4013 872 4087 omnium
891 4013 1085 4104 celestium,
1103 4013 1312 4086 terrestrium
1330 4023 1366 4086 et
1383 4013 1595 4086 inlemorum
1611 4033 1726 4108 genua
1741 4013 1935 4094 flectuntur,

532 4141 633 4216 donis
649 4162 795 4232 angere,
815 4139 1018 4212 muneribus
1031 4139 1214 4234 ampliare,
1230 4139 1421 4234 privilegiis
1436 4137 1580 4230 nostris,
1601 4147 1704 4235 prout
1716 4137 1842 4232 regalis
1859 4158 1939 4209 ma-

533 4263 730 4360 gnificentia
748 4263 871 4358 exigit,
891 4264 1103 4360 premunitas
1121 4262 1156 4334 in
1175 4272 1380 4358 perpetuum
1400 4261 1563 4336 decorare
1585 4283 1648 4336 nos
1670 4261 1849 4336 condecet.
1871 4261 1939 4333 No·

533 4391 622 4465 verit
640 4390 745 4484 igitur
759 4388 881 4461 Christi
897 4397 932 4462 et
947 4388 1082 4484 imperii
1101 4385 1256 4461 fidelium
1270 4396 1456 4482 presenset
1471 4387 1586 4460 lutura
1602 4397 1676 4460 etas
1688 4387 1751 4458 tibi
1764 4385 1941 4460 Desiderio

534 4517 629 4592 fideli
652 4525 687 4589 et
716 4514 891 4588 carissimo
919 4523 1051 4605 nostro,
1079 4521 1197 4586 sancte
1218 4511 1353 4586 Diensis
1377 4512 1521 4584 ecclesie
1544 4511 1733 4585 venerabili
1753 4511 1937 4606 episcopo,

535 4643 651 4716 omnia
676 4639 806 4733 regalia
832 4639 966 4711 Diensis
988 4638 1206 4734 episcopatus
1226 4647 1261 4710 et
1281 4637 1398 4710 omnia
1426 4638 1564 4712 castella
1591 4648 1625 4711 et
1651 4636 1860 4708 munitiones
1877 4657 1937 4706 sen
