4334 5980
269 567 367 628 lauros.
389 557 450 646 la]
719 555 916 618 HISTORIA
942 554 1235 619 DlPLOMA'l'lCA.
1622 549 1684 614 223

269 696 448 787 satisfieri,
470 691 693 768 medietatem
715 691 760 766 de
779 693 889 764 tribus
908 689 1062 764 millibus
1079 713 1272 764 marcarum
1290 692 1324 764 ei
1348 711 1411 764 noa
1433 687 1684 787 spopondimus

269 824 461 914 soluturos,
482 827 518 892 et
538 817 718 892 residuum
747 816 832 890 dum
861 817 1006 892 facultas
1034 838 1073 890 se
1094 816 1194 889 nobis
1211 816 1374 890 obtulerit
1401 823 1436 888 et
1463 813 1684 908 fidejussores

269 947 377 1022 nostri
400 943 546 1043 predicti
565 965 586 1017 a
608 941 699 1018 duce
714 942 1016 1016 commonitionem
1038 941 1241 1036 roceperint.
1260 939 1413 1028 Quodsi
1435 939 1577 1013 forsitan
1596 959 1683 1010 con-

270 1073 386 1169 tigerit
408 1070 551 1144 minima
571 1067 774 1164 adimpleri,
794 1067 984 1162 portionem
1009 1065 1091 1140 ville
1104 1067 1243 1168 prelata
1262 1065 1353 1138 siout
1376 1063 1422 1139 ad
1445 1085 1510 1138 nos
1535 1063 1685 1160 pertinet

270 1198 371 1270 titulo
390 1193 546 1292 pignoris
570 1191 638 1265 eibi
660 1191 848 1287 obligatam
875 1191 1014 1264 nomine
1038 1201 1073 1263 et
1093 1191 1173 1284 jure
1192 1191 1296 1286 legali
1320 1189 1413 1264 leodi
1438 1188 1626 1285 possideat.
1646 1187 1683 1260 Si

269 1341 353 1395 vero
369 1341 432 1415 pro
455 1318 549 1390 mille
570 1315 698 1390 marcis
714 1313 848 1410 argenti
872 1311 1091 1409 fidejussores
1106 1314 1173 1410 ipsi
1188 1313 1270 1388 duci
1287 1311 1487 1387 dederimus
1505 1312 1596 1384 circa
1614 1311 1681 1384 Na·

271 1443 437 1517 tivitatem
458 1441 596 1515 Domini
618 1439 777 1538 proxime
797 1438 999 1528 affuturam,
1020 1447 1103 1512 tuno
1127 1437 1174 1512 ad
1195 1460 1259 1512 nos
1280 1445 1469 1512 revertetur
1493 1436 1603 1532 portio
1624 1435 1687 1508 illa

271 1567 354 1640 ville
371 1573 550 1662 pretaxate
567 1585 632 1637 nec
650 1564 715 1638 orit
731 1563 797 1660 ipsi
813 1563 896 1637 duci
918 1584 1023 1658 snper
1043 1562 1219 1658 prelibatis
1236 1563 1273 1634 in
1292 1562 1408 1657 aliquo
1428 1559 1577 1656 amplius
1593 1558 1685 1631 obli·

272 1700 365 1785 gata.
389 1689 547 1762 Ceterum
572 1689 736 1761 volumus
757 1687 854 1783 quod
876 1687 911 1760 in
930 1687 1042 1784 prima
1058 1687 1229 1760 solutione
1245 1687 1278 1760 oi
1299 1709 1321 1760 a
1339 1686 1440 1759 nobis
1463 1686 1553 1758 facta
1575 1705 1684 1756 vene·

272 1813 391 1888 rabilis
421 1811 646 1908 Mogontinns
673 1789 953 1908 archiepiscopus
978 1821 1014 1885 et
1039 1809 1096 1885 sui
1124 1812 1209 1885 socii
1232 1833 1254 1885 a
1279 1833 1344 1884 sua
1372 1793 1593 1902 fidejussione
1616 1808 1685 1880 sint

271 1933 436 2012 absoluti.
447 1936 507 2011 Ad
518 1938 683 2031 majorem
705 1935 811 2031 igitur
827 1937 933 2030 hujus
949 1937 1000 2011 rei
1018 1937 1238 2027 memoriam,
1253 1935 1361 2009 mbur
1376 1942 1411 2009 et
1426 1931 1680 2020 testimonium,

272 2079 413 2157 prosena
430 2060 596 2156 scriptum
612 2058 685 2134 lieri
700 2059 869 2152 jussimus
881 2062 1068 2154 maiestatis
1085 2069 1201 2135 nostra
1212 2060 1326 2156 sigillo
1344 2058 1605 2134 communitum.

321 2187 447 2261 Datum
459 2186 660 2280 Hagenowo
677 2183 745 2282 (l),
763 2185 886 2281 quinto
901 2185 960 2261 die
975 2186 1124 2261 intrante
1140 2205 1261 2261 menso
1278 2184 1423 2278 octobri,
1439 2205 1531 2258 anno
1545 2182 1683 2258 Domini

273 2308 435 2406 nemu,
452 2307 644 2386 indictione
658 2310 735 2404 XV,
752 2310 908 2384 feliciter.

328 2791 560 2900 Fridericns,
575 2791 835 2878 Romanorum
853 2794 1215 2904 imperatorelectus
1232 2803 1354 2876 atrax
1371 2791 1537 2896 Siciliae,
1557 2790 1601 2910 in
1617 2789 1686 2873 sa·-
1729 2819 1871 2920 pm.

274 2951 403 3010 vorem
422 2927 551 3010 Sifridi
570 2927 840 3037 archiepiscopi
865 2927 1078 3038 Moguntiui
1100 2937 1138 3011 et
1158 2927 1398 3036 Apostolicae
1419 2926 1527 3010 Sedis
1549 2925 1685 3036 legati,

276 3061 343 3170 qui
362 3059 435 3144 sub
460 3060 568 3172 gravi
585 3059 753 3170 puricum
771 3069 809 3143 ct
825 3060 956 3144 labore
971 3087 1017 3144 ao
1033 3061 1164 3144 multis
1186 3061 1403 3171 sumptibus
1421 3061 1493 3144 sibi
1516 3059 1686 3166 servivit,

276 3192 310 3275 ei
332 3191 490 3302 ejusque
510 3191 792 3276 successoribus
818 3193 949 3276 omnia
974 3191 1075 3277 bona
1101 3193 1275 3301 dimittit,
1295 3219 1395 3304 quae
1415 3193 1475 3276 vel
1498 3193 1686 3304 progeni-

275 3335 377 3410 tores
401 3326 460 3409 sui
476 3325 537 3410 uel
555 3326 620 3409 alii
642 3326 887 3436 imperatores
915 3337 981 3412 aut
1001 3353 1110 3440 reges
1132 3327 1182 3412 ab
1207 3327 1365 3413 ecelesia
1385 3338 1589 3411 tenuerunt
1611 3327 1691 3410 sive

275 3458 371 3543 alias
388 3461 639 3572 occupabant.

357 3647 444 3728 (Edit.
461 3667 511 3728 ap.
525 3651 642 3726 Lunro,
653 3647 862 3727 ildebrandia,
881 3659 904 3713 t.
924 3652 1012 3724 XVI,
1025 3670 1055 3730 p.
1073 3652 1304 3727 ab-Gunmr,
1321 3648 1392 3714 Cod.
1408 3647 1541 3731 apum,
1562 3659 1631 3713 tom.
1654 3653 1685 3727 1,

395 3773 426 3834 p.
443 3765 513 3831 4²0,
528 3767 563 3818 n⁰
585 3765 707 3834 159;-
724 3765 755 3820 et
768 3763 800 3820 ln
813 3759 945 3823 Monam.
959 3760 1050 3834 Boia,
1062 3766 1134 3820 tom.
1150 3759 1252 3833 XXX,
1267 3777 1298 3837 p.
1317 3767 1345 3833 1,
1363 3767 1397 3819 n⁰
1410 3759 1471 3822 DC.
1489 3791 1531 3804 -
1550 3759 1687 3840 Sigillum

395 3877 508 3924 massae
525 3863 632 3926 rubrae
645 3867 820 3942 lmpressum
840 3867 873 3927 ln
893 3883 944 3928 ora
965 3869 1084 3928 sinistra
1095 3866 1229 3927 nonnihil
1243 3865 1355 3927 laesum
1368 3867 1516 3946 appendat
1537 3873 1690 3946 segmento

395 3970 551 4044 cartaceo.)

324 4125 525 4201 Frederious
542 4127 605 4201 Dei
625 4131 736 4224 gratia
754 4130 790 4202 in
803 4131 1035 4205 Romanorum
1055 4131 1294 4228 imperatorem
1312 4133 1454 4224 electus,
1472 4153 1536 4204 rex
1555 4130 1685 4214 Sicilie,

275 4247 425 4324 ducatus
436 4250 563 4348 Apulia
579 4262 614 4326 et
633 4253 849 4350 principatus
863 4253 991 4352 Capua,
1008 4255 1181 4329 universis
1199 4255 1323 4329 Christi
1337 4255 1497 4330 fidelibus
1510 4265 1691 4351 presentes

1432 4427 1675 4439 n—-q--onon

312 4503 347 4576 (t)
367 4504 547 4564 ‹Friderious
564 4512 654 4566 antam
665 4507 778 4567 obsesso
794 4513 823 4566 et
840 4507 931 4566 dedito
942 4507 994 4566 sibi
1006 4513 1095 4568 castro
1105 4509 1261 4584 Hagenorro
1274 4507 1346 4582 quod
1357 4507 1444 4566 adbuc
1454 4508 1582 4567 tenebant
1598 4507 1696 4568 fideles

278 4618 293 4654 a
307 4599 430 4674 ottonis,
443 4604 570 4664 veniebat
580 4606 614 4664 da
628 4606 736 4665 civitate
748 4607 776 4664 in
790 4606 927 4666 civitatem
940 4613 969 4664 at
980 4613 1142 4683 receperunt
1153 4607 1353 4666 commilitaret.
1367 4607 1477 4682 Arpcat.
1486 4623 1530 4682 ap.
1539 4607 1689 4678 maanus,

275 4697 388 4770 Fontes,
399 4705 419 4758 t.
430 4701 470 4772 ll,
481 4719 510 4777 p.
522 4706 585 4763 tol.
595 4735 632 4750 -
643 4705 811 4766 Ctltnrnsn.
822 4705 921 4776 Leon,
936 4704 1054 4778 ibidum,
1067 4723 1095 4782 p.
1112 4709 1173 4765 ³80.
