4334 5980
490 480 553 544 222
992 480 1205 543 latuelle!
1230 481 1404 544 seculum
1718 483 1798 567 [An.
1816 487 1903 550 1212

490 615 610 699 centis
634 613 877 725 fidejussores
894 613 957 696 hic
974 614 1210 720 nominatos,
1231 640 1301 724 pro
1322 615 1485 700 residuis
1507 641 1598 701 vero
1622 619 1835 728 portionem
1856 619 1906 704 de

490 749 584 832 uilla
600 747 828 834 Rodesheim
845 747 895 830 nd
913 773 954 830 so
972 756 1203 858 spectantem
1221 747 1255 831 ei
1271 746 1430 858 obligat.

574 938 665 1020 (Edlu
680 939 1015 1017 anonumum.
1036 937 1129 1002 mur.
1142 947 1171 1002 et
1182 941 1237 1002 clo.
1256 937 1292 1000 dc
1309 940 1461 1014 mulne,
1476 947 1500 1002 t.
1520 941 1715 1022 ll,prcnrea,
1733 959 1764 1020 p.
1785 951 1903 1004 ⁴²1.-

611 1047 649 1108 1).
664 1046 820 1122 Bououur,
833 1044 950 1128 Breuell
960 1045 1008 1108 der
1017 1047 1340 1125 noor.,txv111,p
1353 1056 1423 1122 aba,
1434 1055 1505 1110 nota
1514 1045 1556 1128 b.)

539 1205 734 1282 Fridericus
758 1208 821 1282 Dei
849 1209 959 1304 gralia
985 1210 1217 1284 Romanorum
1243 1207 1427 1304 imperator
1458 1209 1587 1282 electus
1612 1217 1649 1282 et
1675 1230 1811 1305 semper
1837 1231 1900 1286 au·

488 1339 625 1427 gustus,
643 1353 708 1406 rex
721 1333 851 1426 Sicilie,
869 1333 1015 1408 ducatus
1031 1333 1156 1430 Apulia
1170 1343 1207 1408 et
1218 1332 1432 1430 principatus
1448 1332 1579 1429 Capua,
1591 1334 1756 1409 omnibus
1769 1333 1806 1406 in
1824 1355 1900 1429 per·

490 1465 646 1554 petunm.
668 1458 720 1532 Na
738 1459 818 1552 quis
837 1459 1056 1554 ignoratque
1075 1480 1138 1554 pro
1157 1457 1288 1532 bonore
1301 1468 1337 1530 et
1353 1458 1507 1552 generali
1528 1457 1676 1532 utilitate
1694 1457 1778 1540 boui
1793 1465 1902 1532 statua

489 1581 626 1678 imperii
643 1603 691 1654 ex
708 1583 852 1657 consilio
865 1593 901 1658 et
917 1582 1175 1658 confirmatione
1190 1583 1386 1679 principum
1403 1583 1534 1678 aragia
1548 1581 1785 1658 munificentia
1800 1583 1902 1658 oertia

490 1718 526 1782 at
542 1708 696 1806 probatis
711 1707 847 1804 imperii
865 1705 1027 1782 fidelibus
1040 1707 1177 1782 indulta
1191 1717 1286 1798 sunt,
1308 1707 1525 1802 proeentibns
1542 1717 1648 1804 alque
1669 1709 1796 1782 futuris
1811 1707 1901 1780 hauc

489 1833 653 1931 paginam
679 1831 882 1930 inspecturis
907 1833 1071 1906 volumus
1098 1831 1264 1906 declarari
1285 1833 1383 1928 qnod
1406 1853 1471 1906 nos
1494 1832 1619 1908 dilecto
1644 1833 1901 1928 consanguineo

490 1965 607 2032 nostin
636 1955 810 2031 Friderico
840 1957 964 2030 illustri
995 1955 1077 2031 duci
1103 1957 1324 2052 lotharingie
1345 1958 1429 2053 qui,
1447 1957 1537 2032 sicru
1559 1958 1693 2032 ratione
1722 1955 1902 2053 sanguinis

490 2090 641 2172 tenetur,
660 2091 817 2180 prompta
833 2091 869 2154 el
890 2081 1083 2158 voluntarie
1108 2083 1189 2174 jura
1214 2091 1331 2156 nostra
1356 2095 1461 2177 atqua
1491 2083 1627 2180 imperii
1653 2100 1901 2178 recognosom

490 2206 728 2279 necessitatem
751 2206 798 2281 ad
826 2215 981 2280 nostrum
1003 2207 1191 2281 declinavit
1211 2206 1418 2302 obsequium
1442 2207 1514 2303 (t),
1544 2207 1610 2282 tria
1632 2207 1742 2280 millia
1767 2227 1901 2283 mamea

487 2331 624 2426 argenti
635 2330 720 2405 dare
730 2331 952 2428 promisimus
966 2341 1002 2406 et
1014 2331 1110 2407 curie
1122 2353 1186 2406 aue
1196 2330 1377 2423 ducentas,
1394 2331 1475 2406 ideo
1485 2341 1525 2406 ul
1536 2331 1658 2406 exboc
1670 2331 1763 2406 circa
1777 2330 1900 2404 milites

488 2456 655 2554 expensis
682 2457 807 2530 melius
827 2457 975 2532 sufficiat
994 2465 1030 2530 et
1052 2456 1088 2530 in
1106 2477 1306 2552 guerrarum
1330 2456 1617 2554 occupationibus
1639 2455 1816 2530 faciendis.
1835 2455 1901 2530 Pro

485 2601 561 2677 qua
592 2603 729 2654 summa
751 2581 901 2679 pecunie
929 2581 1141 2678 subscriptos
1170 2581 1203 2654 ai
1232 2579 1465 2676 obligavimus
1496 2579 1732 2675 fidejussores,
1757 2579 1901 2654 dilectos

489 2704 665 2802 principes
683 2714 818 2780 nostros
832 2701 1070 2804 [Sigalridum]
1087 2705 1329 2800 bloguntinum
1347 2704 1658 2801 archiepiscopum,
1679 2703 1899 2800 [lupoldum]

489 2832 781 2906 wormaciensem
801 2829 1022 2928 episcopum,
1044 2839 1150 2926 alque
1167 2829 1288 2905 fideles
1305 2839 1439 2904 nostros
1457 2829 1617 2904 comitem
1639 2830 1838 2926 Poppouam
1856 2828 1903 2904 de

490 2957 599 3028 loson
616 2953 682 3052 (a),
702 2954 903 3030 Auselmum
918 2954 964 3032 do
981 2955 1159 3051 lustingen
1178 2955 1273 3030 curie
1290 2964 1406 3028 nostre
1422 2955 1679 3043 marescallum,
1697 2954 1900 3030 wernerum

488 3077 538 3158 de
562 3077 718 3152 Ronland
746 3080 842 3153 curia
870 3089 986 3154 nostre
1015 3078 1210 3175 dapiferum
1236 3089 1272 3152 ct
1302 3079 1440 3151 tratrem
1475 3077 1585 3174 ipsius
1611 3077 1808 3174 Philippum
1836 3102 1901 3176 pro

488 3203 615 3278 marcis
644 3203 890 3300 septingentis,
919 3203 1104 3278 Hemicum
1135 3202 1182 3278 de
1209 3201 1455 3297 Cunegesbecb
1488 3224 1550 3298 pro
1584 3203 1783 3299 quingentis
1809 3226 1900 3277 mar·

487 3329 557 3421 cis,
585 3329 746 3402 comitem
779 3339 896 3402 autem
925 3326 1148 3424 Rudolpbum
1177 3327 1224 3402 de
1250 3326 1519 3424 Habecbesburg
1547 3347 1610 3424 pro
1638 3327 1733 3402 mille
1759 3327 1896 3401 marcis.

483 3453 645 3526 Ceterum
662 3451 757 3548 qnod
776 3452 822 3527 de
838 3453 922 3528 villa
936 3451 1144 3526 Rodesheim
1160 3451 1207 3526 ad
1226 3473 1290 3524 nos
1304 3461 1436 3548 spectat
1450 3452 1642 3547 obligatum
1660 3451 1694 3526 el
1712 3473 1900 3546 recognos-

484 3577 601 3650 cimus
618 3599 680 3674 pro
696 3577 846 3651 residuis
863 3577 957 3650 mille
973 3577 1116 3669 marcis,
1136 3575 1288 3650 subhac
1305 3576 1414 3650 forma
1429 3585 1469 3650 ut
1485 3575 1691 3672 quantocius
1705 3577 1778 3650 Deo
1796 3576 1901 3651 dante

486 3701 673 3798 pecuniam
689 3700 915 3776 babuerimus
930 3701 979 3776 ita
996 3701 1092 3796 quod
1107 3700 1290 3797 pecuniam
1306 3699 1510 3798 prelibatum
1523 3701 1658 3776 solvere
1673 3701 1857 3798 possimus,
1866 3713 1902 3776 et

481 3845 508 3900 a
531 3824 769 3921 prenominato
790 3823 881 3900 duce
899 3825 1158 3920 consanguineo
1179 3836 1296 3900 nostro
1314 3825 1556 3923 prenominati·
1568 3823 1790 3919 fidejussores
1811 3847 1901 3901 nos-

484 3950 528 4024 trl
555 3950 685 4024 luerint
710 3949 913 4046 premuniti,
932 3971 996 4024 nos
1023 3971 1100 4024 aam
1130 3949 1198 4024 sibl
1226 3951 1302 4025 sina
1325 3951 1419 4025 omni
1445 3951 1673 4026 recusationis
1699 3951 1900 4026 difficultate

483 4077 735 4173 persolvamus.
755 4075 792 4148 Si
809 4096 894 4149 vero
916 4075 1079 4150 acciderit
1095 4097 1159 4150 uos
1177 4084 1307 4149 unum
1322 4077 1422 4149 ocius
1439 4096 1507 4149 uon
1525 4073 1655 4150 habere
1670 4075 1818 4172 pecunie
1835 4096 1898 4149 san

480 4201 618 4296 argenti
643 4221 832 4296 summam,
857 4199 953 4275 unda
981 4201 1047 4299 ipsi
1075 4200 1157 4276 duci
1184 4201 1298 4274 valeat
1322 4209 1555 4298 competenter
1578 4201 1615 4274 in
1639 4222 1705 4275 sna
1728 4200 1900 4274 solutione

526 4349 568 4431 (a)
592 4351 641 4414 Sto
654 4353 686 4413 ln
698 4351 831 4430 duobus,
846 4351 899 4416 aad
914 4349 1069 4433 legendum
1082 4348 1118 4412 dr
1129 4349 1222 4434 bosen
1233 4351 1281 4414 rel
1292 4349 1418 4434 husen.

518 4603 555 4681 (l)
574 4604 614 4664 Gt.
624 4603 754 4680 bucam,
765 4605 894 4668 ulmo.
907 4607 1008 4670 Soron.
1021 4607 1126 4682 abbat..
1138 4609 1335 4687 api-Bonum,
1345 4609 1433 4686 lota,
1445 4627 1475 4688 p.
1487 4613 1550 4670 693.
