4284 5942
540 547 601 608 268
1041 549 1254 612 nnlnsnlcl
1279 545 1452 611 sncunnl
1760 543 1838 625 [llus.
1856 543 1944 606 lule

541 680 712 763 concedit
728 691 771 763 ut
787 707 855 790 per
867 707 1000 766 omnes
1018 683 1165 792 imperii
1179 684 1346 767 civitates
1359 681 1588 764 descendant
1601 687 1639 762 et
1657 680 1863 761 ascendant
1878 703 1947 788 par

540 813 691 898 alveum
709 814 802 897 Rani
829 841 916 897 oum
940 816 1100 899 nedbus
1119 817 1222 922 suis,
1244 817 1325 899 sine
1341 815 1446 899 omni
1463 813 1637 897 theloneo
1654 813 1714 896 uel
1735 812 1941 908 exactione.

622 1029 721 1104 mnu.
735 983 970 1114 nmjnscmp
982 1047 1038 1092 zor
1049 1033 1185 1094 norme
1195 1030 1362 1114 quomo.
1382 1040 1413 1094 a·
1425 1047 1509 1109 pus,
1524 1029 1731 1108 nannum,
1751 1025 1835 1104 aee.)

586 1243 779 1316 Fridericns
793 1243 856 1316 Dei
873 1245 982 1338 gratia
997 1245 1225 1318 Romanorum
1248 1267 1312 1318 rex
1335 1266 1470 1339 semper
1487 1251 1656 1336 augustus
1673 1251 1708 1314 et
1723 1262 1787 1312 rex
1809 1237 1940 1328 Sicilie,

536 1367 698 1440 omnibus
713 1367 855 1440 Romani
869 1368 1004 1462 imperii
1022 1367 1182 1440 fidelibus
1195 1370 1358 1464 scriptum
1371 1369 1437 1440 hoo
1450 1365 1665 1440 intuentibus
1683 1363 1827 1457 gratiam
1843 1383 1942 1434 suam

536 1499 571 1562 et
585 1511 687 1562 omne
704 1489 847 1562 bonum.
867 1489 996 1564 Audita
1012 1492 1221 1585 benignitate
1237 1501 1271 1564 et
1285 1491 1464 1564 clementia
1479 1513 1584 1585 quam
1602 1498 1696 1584 pater
1715 1497 1829 1559 noster
1843 1485 1942 1558 beate

535 1613 699 1686 memorie
721 1615 763 1684 H.
791 1615 1020 1688 Romanorum
1044 1615 1229 1710 imperator
1252 1617 1342 1690 circa
1364 1615 1543 1688 ecclesiam
1568 1615 1604 1686 in
1628 1611 1807 1712 Eberbach
1826 1608 1944 1681 multis

535 1738 648 1810 modis
680 1737 861 1826 exhibuit,
899 1759 961 1810 nos
995 1739 1118 1812 eadem
1149 1741 1328 1812 clementia
1362 1739 1495 1812 inducti
1532 1739 1741 1824 indulsimus
1781 1735 1943 1808 omnibus

535 1860 690 1954 ejusdem
717 1861 854 1934 cenobii
880 1863 1043 1935 fratribus
1066 1873 1103 1934 ut
1121 1885 1183 1958 per
1202 1885 1321 1936 omnes
1339 1864 1474 1959 imperii
1495 1864 1601 1936 nostri
1621 1863 1777 1934 civitates
1797 1859 1942 1932 deseen-

535 1984 620 2058 dant
639 1995 674 2056 et
691 1985 879 2058 ascendant
897 2008 958 2082 per
974 1987 1113 2058 alveum
1131 1987 1218 2060 Reni
1236 2009 1316 2060 cum
1339 1989 1486 2062 navibus
1504 1988 1578 2060 suis
1598 1996 1728 2060 etcum
1746 1984 1842 2057 omni
1860 1981 1942 2054 sub·

535 2110 658 2182 stantia
678 2110 823 2182 ecclesie
844 2132 926 2202 sue,
947 2111 1046 2184 liberi
1071 2121 1106 2183 et
1128 2114 1203 2186 eine
1226 2113 1319 2186 omni
1343 2113 1500 2186 theloneo
1523 2113 1580 2186 vel
1601 2111 1782 2184 exactione
1800 2129 1872 2202 que
1897 2105 1942 2178 ab

534 2234 610 2306 aliis
628 2236 784 2328 personis
801 2237 887 2308 solet
904 2237 1045 2330 requiri.
1067 2237 1215 2330 Dignum
1231 2238 1323 2310 enim
1335 2237 1571 2332 judicavimus
1587 2245 1627 2308 ut
1643 2232 1776 2328 aliquid
1792 2231 1941 2328 speciale

533 2357 600 2430 illis
617 2358 653 2429 in
669 2359 915 2454 temporalibus
928 2361 1182 2454 indulgeamus,
1203 2383 1263 2456 per
1278 2383 1426 2458 quorum
1443 2361 1614 2435 orationes
1631 2381 1695 2432 nos
1710 2357 1806 2454 apud
1824 2377 1941 2450 regem

532 2485 690 2556 celestem
708 2483 905 2556 mercedem
924 2485 1078 2557 obtinere
1095 2483 1313 2558 confidimus.

579 2607 703 2686 Datum
725 2605 819 2701 apud
837 2607 1079 2700 Wormatiam,
1100 2630 1191 2682 anno
1214 2609 1457 2682 incarnationis
1480 2608 1652 2680 dominice
1676 2605 1856 2696 nlccxfll,
1881 2603 1940 2675 lra-

531 2729 642 2802 lendis
659 2729 757 2826 maii,
777 2730 965 2803 indictione
982 2732 1104 2828 prima.

345 3363 376 3407 ru
443 3367 491 3407 nm.
581 3318 812 3427 Fridaricus,
832 3319 1092 3404 Romanorum
1111 3347 1197 3428 rex,
1217 3321 1436 3404 Innocentio
1452 3347 1572 3430 papae
1590 3319 1759 3402 conoedit
1776 3325 1820 3402 ul
1837 3317 1939 3401 elec-

451 3439 457 3451 ’
527 3452 649 3534 tiones
675 3453 931 3562 praelatorum
956 3463 994 3536 et
1020 3453 1288 3562 appellationes
1315 3455 1356 3535 in
1382 3453 1507 3536 causis
1534 3451 1794 3534 ecclesiasticis
1822 3451 1937 3534 libens

527 3583 640 3689 fiant,
661 3595 941 3669 antecessorum
968 3611 1126 3669 suorum
1148 3585 1412 3669 consuetudini
1434 3585 1626 3668 renuntiat
1643 3585 1690 3666 de
1707 3582 1937 3692 occupandis

526 3715 637 3798 bonis
654 3719 910 3826 praelatorum
928 3721 1215 3828 decedentium,
1235 3719 1420 3803 auxilium
1442 3729 1574 3802 contra
1591 3717 1798 3800 haereticos
1815 3715 1935 3825 polli-

526 3858 655 3956 cetur3
675 3849 863 3934 Ecclesiae
878 3852 1070 3936 Romanae
1091 3853 1347 3962 possessiones
1365 3851 1414 3934 ab
1432 3849 1730 3934 antecessoribus
1754 3847 1835 3930 suis
1862 3848 1936 3929 de-

524 3993 671 4091 tentaS,
693 3985 886 4096 quaejam
903 3987 970 4068 illa
987 3987 1243 4096 recuperavit,
1263 3986 1437 4092 dimittit3
1461 4011 1558 4094 quas
1590 3993 1718 4066 autem
1749 4007 1829 4064 non
1857 3979 1937 4090 jam

525 4120 783 4227 recuperavit,
803 4147 844 4203 se
862 4122 912 4202 ad
938 4120 1189 4202 restituendas
1219 4119 1383 4229 obligat,
1402 4143 1551 4201 necnon
1578 4117 1629 4198 ad
1654 4113 1935 4197 defendendum

524 4276 594 4358 pro
624 4250 791 4336 Ecclesia
819 4253 992 4337 Romana
1021 4279 1185 4363 regnum
1217 4251 1382 4372 Siciliae,
1406 4251 1617 4352 Corsicam,
1645 4245 1864 4332 Sardiniam
1895 4270 1937 4327 ac

525 4391 671 4468 caetera
684 4383 773 4494 jura
791 4411 890 4495 quae
908 4385 958 4467 ad
975 4385 1149 4468 eamdem
1166 4385 1352 4494 pertinere
1369 4392 1592 4468 noscuntur.

607 4571 738 4645 (Edlder.
756 4569 1136 4651 anu,1lcicluurcltio,t.
1155 4571 1244 4645 XIX,
1264 4589 1295 4650 p.
1313 4571 1617 4641 rea-namne„
1636 4561 1748 4626 namt.
1769 4559 1937 4636 amiculam,

644 4683 718 4738 tom.
740 4677 769 4752 l,
794 4679 832 4739 ed
852 4695 924 4740 ann.
944 4687 1037 4754 latu,
1051 4674 1075 4758 S
1087 4677 1200 4739 xxm.
1214 4709 1254 4724 -
1268 4677 1434 4752 Gonnum,
1452 4675 1571 4738 corut
1587 4674 1704 4754 imper,
1720 4676 1745 4732 t.
1760 4671 1792 4746 1,
1811 4687 1842 4748 p
1866 4675 1936 4731 289.
