4434 5942
546 537 587 600 52
1048 538 1262 600 Fiilllliiiiiil
1287 537 1460 600 sucullnl
1501 536 1505 544 ’
1767 542 1853 622 [lun.
1867 545 1957 610 lton.

548 673 764 770 culminata)
786 673 971 748 sublimare
986 675 1107 769 procul
1124 675 1231 748 dubio
1249 675 1436 749 credimus.
1454 675 1669 772 Quapropter
1690 680 1846 752 omnium
1872 679 1958 755 fide-¹

546 799 632 872 lium
651 800 775 870 Sancte
791 799 854 872 Dei
872 799 1024 872 Ecclesia
1048 806 1310 894 nostrorumque
1335 801 1545 896 presentium
1569 809 1605 874 et
1628 801 1819 876 futurorum
1838 804 1959 900 cogni-

547 923 632 996 tioni
651 923 767 996 veniat
786 923 935 1017 qualiter
954 923 1118 1019 petitione
1134 923 1264 997 Nicolai
1286 925 1410 997 Sancte
1434 925 1645 998 Salernitane
1665 927 1759 1000 sedis
1781 928 1960 1024 archiopi-

546 1048 656 1144 eoopi,
669 1069 731 1143 per
743 1047 809 1120 hoc
822 1057 975 1120 nostrum
992 1070 1130 1143 presens
1141 1049 1321 1143 scriptum,
1334 1057 1436 1144 prout
1445 1049 1582 1140 justeet
1593 1051 1746 1143 legaliter
1758 1073 1956 1147 possumus,

546 1172 638 1245 dicte
668 1171 744 1246 sedi
770 1173 805 1244 in
828 1173 992 1246 honorem
1010 1173 1104 1246 baali
1131 1173 1273 1247 Matthei
1302 1173 1446 1270 apostoli
1472 1195 1516 1246 ac
1540 1173 1633 1248 dicto
1656 1175 1846 1248 venerabili
1870 1176 1960 1272 patri

545 1298 684 1371 Nicolao
702 1295 748 1369 de
767 1317 859 1370 novo
877 1297 1101 1371 concedimus
1124 1307 1159 1370 et
1182 1295 1425 1371 confirmamus
1442 1297 1534 1371 hona
1562 1300 1678 1372 omnia
1698 1321 1768 1394 que
1788 1299 1960 1373 Mattheus

543 1431 579 1496 et
596 1421 807 1494 Guiscardus
832 1421 935 1515 Rupti
959 1419 1004 1493 de
1026 1421 1167 1494 Salerno
1189 1423 1319 1502 iratresw
1335 1421 1554 1497 donaverunt
1575 1421 1668 1496 dicto
1693 1424 1847 1518 apostolo
1871 1423 1959 1498 hiat-

544 1549 676 1622 thecel
693 1546 892 1620 obtulerunt
907 1545 944 1616 in
964 1543 1135 1618 territorio
1159 1545 1304 1618 Nucerie
1326 1554 1362 1619 et
1378 1545 1515 1632 Sereni,
1537 1545 1655 1620 habita
1672 1555 1707 1620 ct
1722 1567 1880 1642 possessa
1897 1551 1959 1644 pei

543 1671 684 1747 cosdem
708 1671 828 1743 iratres
846 1679 881 1742 et
897 1679 1129 1742 antecessores
1142 1691 1225 1744 suos
1243 1670 1351 1742 felicis
1369 1670 1638 1745 recordationis:
1664 1670 1758 1744 dicta
1775 1672 1867 1745 bona
1883 1673 1959 1746 sci-‘

544 1796 625 1870 licat
642 1795 759 1870 omnia
776 1815 857 1866 oum
876 1791 1088 1882 redditibus,
1107 1792 1297 1884 casalibus,
1318 1793 1446 1884 servis,
1462 1795 1612 1884 ancillis,
1629 1793 1771 1886 villicis,
1791 1787 1958 1887 angariis,-

547 1921 759 2020 perangariis
781 1928 816 1992 et
841 1919 976 2012 integro
1001 1927 1111 2011 statu,
1133 1929 1235 2015 prout
1257 1927 1443 1992 tenuerunt
1460 1929 1496 1993 et
1513 1919 1732 2014 possiderunt
1750 1920 1833 1994 dicti
1850 1921 1958 1994 nostri

546 2046 722 2140 conjuncti
737 2045 909 2120 Mattheus
930 2053 965 2119 at
988 2044 1197 2119 Guiscardus
1215 2045 1335 2117 iratres
1350 2043 1395 2117 de
1412 2045 1550 2141 iluptis,
1563 2045 1649 2116 licet
1663 2053 1699 2119 et
1716 2045 1959 2123 nonobstante

545 2172 759 2268 reperiantur
773 2169 868 2242 curie
881 2177 996 2242 nostre
1010 2167 1224 2263 incorporata
1241 2189 1302 2264 per
1317 2177 1569 2264 procuratorem
1585 2169 1695 2264 ipsius
1715 2169 1810 2242 curie
1823 2179 1959 2265 propter

546 2295 795 2372 contumaciam
823 2293 1055 2390 predictorum
1082 2295 1223 2368 fratrum
1249 2293 1471 2383 donatorum,
1500 2295 1663 2388 nulleque
1690 2315 1809 2367 eorum
1835 2293 1960 2368 frande

544 2430 684 2496 attenta.
701 2419 930 2514 Precipientes
952 2417 1058 2512 igilur
1072 2418 1213 2490 omnino
1233 2417 1440 2491 mandamus
1456 2427 1494 2489 ut
1509 2419 1626 2490 nullus
1644 2418 1801 2510 stratico,
1822 2439 1955 2511 comes,

544 2549 754 2637 vicecomes,
785 2545 949 2638 nullaque
975 2544 1082 2616 nostri
1110 2543 1208 2637 regni
1235 2565 1360 2637 magna
1389 2543 1446 2616 vel
1472 2563 1580 2638 parva
1607 2563 1752 2637 persona
1769 2541 1958 2642 predictam

544 2672 722 2746 ecclesiam
749 2691 812 2765 pro
837 2669 939 2741 bonis
960 2667 1126 2764 predictis
1145 2663 1205 2765 [et]
1224 2667 1387 2742 eumdem
1414 2667 1710 2763 archiepiscopum
1740 2665 1955 2770 inquietare,
1992 2727 1999 2738 .

542 2798 723 2873 molestare
740 2817 781 2869 ac
799 2795 835 2867 in
854 2795 971 2890 aliquo
995 2795 1071 2866 sine
1088 2795 1189 2888 legali
1205 2795 1339 2888 judicio
1362 2793 1543 2868 disvestire
1564 2803 1757 2889 presumat,
1778 2791 1842 2866 sed
1860 2791 1960 2866 liceat

543 2922 658 2997 eidem
683 2921 942 3016 archiepiscopo
970 2929 1006 2992 et
1033 2919 1289 2992 successoribus
1317 2919 1354 2990 in
1372 2917 1465 2992 dicto
1485 2918 1755 3014 archiepiscopio
1773 2915 1847 3014 (ric)
1864 2917 1959 2990 omni

545 3058 700 3144 tempore
722 3055 757 3119 et
786 3045 822 3116 in
845 3053 1049 3140 perpetuum
1068 3044 1160 3116 bona
1177 3042 1333 3140 predicta
1353 3043 1456 3139 pleno
1476 3045 1554 3138 jure
1581 3051 1696 3116 tenere
1722 3051 1757 3115 ct
1783 3039 1963 3139 possidere

545 3193 609 3270 pro
628 3195 695 3244 usu
720 3180 754 3243 et
774 3168 1035 3242 necessitatibus
1062 3167 1155 3242 sedis
1179 3167 1351 3264 predicte,
1378 3169 1533 3242 omnium
1559 3167 1739 3240 homiuum
1767 3165 1959 3241 contradic·

544 3298 637 3371 tione
654 3303 797 3369 remota.
823 3293 859 3366 Si
878 3293 956 3388 quis
973 3301 1110 3381 autem,
1131 3293 1227 3388 quod
1244 3292 1352 3385 absit,
1376 3292 1481 3385 hujus
1506 3301 1621 3366 nostra
1648 3291 1858 3364 auctoritatis
1878 3313 1958 3388 prc-

544 3429 769 3517 sumptuosus
787 3418 932 3490 violator
948 3417 1119 3508 extiterit,
1137 3416 1223 3490 sciat
1236 3438 1275 3490 ao
1290 3417 1558 3514 compositurum
1576 3417 1652 3490 auri
1664 3415 1840 3512 purissimi
1854 3415 1958 3488 libras

544 3545 654 3637 mille,
668 3543 888 3618 medietatem
905 3565 1038 3616 camere
1052 3551 1183 3634 nostro,
1200 3542 1303 3615 aliam
1319 3541 1538 3616 medietatem
1554 3541 1648 3616 idem
1661 3537 1899 3638 episcopium(
1920 3537 1957 3636 ')

544 3691 608 3768 pro
625 3677 780 3765 tempora
796 3669 1007 3763 regentibus.
1031 3667 1090 3741 Ad
1112 3667 1216 3761 hujus
1237 3676 1354 3741 autem
1373 3667 1604 3742 concessionis
1624 3674 1740 3738 nostre
1757 3664 1958 3738 memoriam

544 3805 580 3870 ct
597 3793 796 3868 inviolabile
817 3792 1090 3884 firmamentum,
1111 3811 1253 3889 presens
1269 3792 1399 3866 exinde
1417 3791 1638 3888 privilegium
1655 3789 1759 3862 scribi
1780 3797 1815 3862 et
1836 3789 1959 3882 majes-

543 3919 624 3993 tatis
641 3927 757 3992 nostre
772 3918 885 4012 sigillo
896 3917 1064 4012 jussimus
1079 3915 1302 4010 communiri,
1319 3939 1410 3990 anno
1430 3915 1604 3990 dominice
1621 3913 1865 3988 incarnationis
1883 3912 1961 3984 mil-

544 4044 666 4117 lesimo
691 4043 946 4134 ducentesimo,
972 4063 1089 4115 mense
1116 4050 1284 4136 augusto,
1306 4040 1506 4115 indictionis
1533 4041 1653 4130 tercie,
1674 4039 1773 4132 regni
1790 4059 1875 4112 veru
1893 4037 1958 4112 do-

544 4169 630 4242 mini
653 4169 760 4242 nostri
779 4167 951 4242 Frederici
968 4167 1030 4240 Dei
1049 4165 1157 4261 gratia
1172 4165 1392 4238 illustrissimi
1409 4167 1501 4262 regis
1518 4166 1650 4253 Sicilie,
1670 4165 1818 4239 ducatus
1832 4160 1960 4260 Apulie

544 4305 579 4368 ct
601 4294 814 4390 principatus
834 4292 950 4388 Capua
971 4314 1063 4367 anno
1082 4291 1200 4385 tercio,
1218 4291 1373 4366 feliciter.
1394 4291 1536 4389 Amen(
1561 4291 1589 4389 ).

584 4445 621 4524 (a)
641 4445 708 4517 Slc,
723 4445 833 4506 rectius
846 4461 915 4506 vero
928 4441 1051 4506 odmen.

584 4701 621 4778 (t)
639 4703 721 4760 Deest
733 4700 835 4760 notatio
846 4697 897 4760 loci
907 4744 914 4772 ,
926 4700 972 4776 qui
987 4701 1136 4760 Panormus
1149 4705 1200 4758 est.
1215 4701 1301 4758 Notae
1313 4715 1378 4760 varo
1389 4661 1592 4774 chronologicae
1605 4699 1676 4758 iuter
1688 4713 1719 4758 sa
1730 4693 1903 4756 concordant.
1963 4719 1966 4728 ·
