4382 5946
265 579 362 636 ιιιιι-ι.
378 571 421 656 a]
719 568 914 630 nrsronra
939 569 1227 632 nrrnounrrca
1613 573 1672 634 aaa

265 731 370 806 quem
386 727 456 780 non
480 706 555 778 sine
575 725 679 777 causa
697 705 910 799 accepimus,
931 703 1056 778 devote
1073 705 1189 778 denuo
1209 705 1469 801 prospiciamus.
1490 708 1601 799 Hujus
1618 711 1668 783 rei

266 832 377 927 gratia
397 828 571 903 universis
592 827 689 920 regni
704 828 810 900 nostri
830 826 991 900 fidelibus
1010 828 1178 902 duximus
1199 828 1464 920 significandum
1479 831 1576 926 quod
1593 853 1669 925 nos,
1717 871 1723 882 ·

268 954 315 1029 ad
334 952 558 1026 imitationem
580 951 861 1047 predecessorum
881 961 1131 1047 parentumque
1152 963 1366 1044 nostrorum,
1386 955 1574 1049 [precipue]
1591 977 1674 1030 vero

267 1086 416 1172 auguste
432 1075 598 1150 memorie
614 1075 720 1170 patris
740 1075 846 1148 nostri
862 1075 1011 1148 Heinrici
1029 1077 1242 1171 imperatoris
1263 1078 1496 1170 gloriosissimi
1513 1080 1674 1174 exemplo

267 1201 445 1298 provocati
461 1209 496 1274 et
511 1199 712 1272 auctoritate
725 1198 876 1288 inducti,
895 1201 1139 1272 monasterium
1156 1201 1218 1272 Dei
1234 1201 1414 1274 Genitricis
1429 1202 1551 1293 llarie,
1570 1203 1674 1276 situm

266 1327 302 1398 in
320 1325 443 1421 predio
460 1333 574 1397 nostro
591 1323 842 1412 Waltsacbsen,
858 1345 937 1395 cum
954 1324 1124 1396 universis
1140 1324 1240 1398 bonis
1253 1327 1329 1418 ejus
1347 1326 1383 1396 in
1399 1327 1582 1420 specialem
1599 1348 1675 1400 ma·

263 1448 396 1540 jestatis
404 1456 519 1520 nostre
530 1447 773 1543 protectionem
782 1447 1009 1541 suscepimus,
1021 1447 1209 1540 omniaque
1221 1457 1473 1521 antecessorum
1482 1459 1674 1522 nostrorum

268 1571 364 1645 dona
379 1582 415 1644 et
430 1571 611 1666 privilegia
626 1579 699 1644 rata
716 1570 766 1642 eis
780 1592 821 1642 ac
839 1580 1005 1665 perpetua
1022 1591 1097 1643 esse
1112 1572 1312 1664 statuimus3
1329 1571 1417 1644 illud
1433 1574 1596 1669 precipue
1612 1595 1675 1668 pro

267 1695 373 1789 regali
396 1693 630 1768 munificentia
653 1693 698 1768 de
720 1693 863 1766 oonsilio
880 1703 914 1766 et
935 1714 1104 1766 consensu
1128 1697 1324 1790 principum
1350 1696 1672 1790 superindulgentes

267 1820 326 1891 vel
343 1818 458 1912 potius
477 1827 557 1890 ante
574 1837 638 1889 nos
660 1816 774 1890 eidem
796 1817 939 1890 ecclesie
954 1817 1127 1890 indultum
1146 1818 1332 1891 districtius
1348 1819 1394 1892 de
1411 1828 1524 1892 cetero
1541 1821 1671 1893 servari

267 1940 472 2014 mandantes
492 1951 526 2014 et
543 1941 764 2029 innovantes,
783 1949 823 2012 ut
840 1942 957 2014 nullus
975 1941 1143 2014 officiatus
1163 1951 1277 2016 noster
1293 1952 1353 2015 aut
1367 1941 1479 2034 judex
1494 1944 1549 2015 sui
1567 1965 1671 2018 occa-

266 2067 363 2138 sione
384 2065 509 2158 officii,
535 2066 650 2137 nullus
668 2066 829 2161 princeps
852 2075 913 2140 aut
938 2065 1169 2138 ministerialis
1196 2067 1351 2160 imperii,
1375 2068 1491 2139 nullus
1519 2068 1671 2162 denique

266 2190 460 2262 mortalium
481 2189 517 2260 in
539 2190 693 2278 abbatia,
716 2191 753 2262 in
771 2190 875 2264 curiis
891 2201 926 2264 et
948 2191 984 2262 in
999 2191 1160 2264 omnibus
1183 2190 1276 2262 villis
1300 2191 1453 2285 ipsorum
1474 2192 1550 2264 sive
1572 2215 1671 2264 man·

266 2314 441 2398 sionibus,
461 2315 497 2386 in
520 2315 674 2408 personis
698 2315 757 2388 vel
779 2315 885 2388 rebus
908 2315 1068 2406 ecclesie,
1096 2315 1248 2409 aliquam
1271 2315 1488 2408 judiciariam
1512 2327 1672 2390 exerceat

266 2447 480 2532 potestatem.
506 2437 575 2510 Sed
594 2459 813 2532 quecumque
830 2460 933 2511 cause
950 2439 1039 2510 inter
1055 2439 1201 2512 villanos
1216 2439 1370 2534 ipsorum
1390 2441 1605 2532 emerserint,
1626 2440 1671 2516 de

266 2563 369 2653 furto,
383 2561 428 2636 de
446 2561 545 2650 cede,
559 2560 605 2634 de
621 2561 783 2636 incendio
799 2571 834 2634 et
852 2562 897 2636 de
913 2562 1097 2654 similibus,
1113 2562 1247 2636 abbatis
1263 2573 1297 2634 et
1314 2563 1509 2637 villicorum
1527 2585 1670 2637 suorum

266 2685 406 2758 arbitrio
427 2685 473 2758 ad
494 2686 674 2758 utilitatem
692 2685 836 2759 ecclesie
857 2686 952 2758 nulla
969 2685 1144 2759 mediante
1159 2707 1304 2782 persona
1322 2695 1582 2782 componantur.
1599 2690 1671 2761 Hac

266 2820 381 2884 antem
409 2809 552 2905 speciali
577 2810 752 2902 libertate,
778 2809 971 2904 predictum
1000 2810 1243 2882 monasterinm
1268 2817 1405 2904 propter
1431 2831 1590 2904 agrorum
1615 2811 1670 2882 ni·

266 2936 372 3010 miam
390 2935 602 3008 sterilitatem
618 2945 653 3008 et
668 2937 865 3029 frequentes
878 2935 1107 3008 Bohcmorum
1124 2935 1284 3028 insultus,
1299 2936 1491 3032 specialiter
1503 2936 1672 3012 duximus
1698 2927 1702 2936 ’

232 3112 235 3118 1
265 3058 501 3132 relevandum.
529 3059 717 3132 statuimus
734 3059 838 3132 etiam
855 3068 889 3132 et
905 3079 951 3132 ex
967 3059 1105 3133 decreto
1121 3059 1316 3154 principum
1340 3059 1443 3132 latam
1467 3061 1669 3134 sententiam

266 3191 430 3278 perpetua
447 3183 524 3276 lege
547 3183 735 3256 sanctinus
753 3191 793 3254 ut
814 3165 918 3278 super
939 3183 1189 3278 possessiones,
1210 3183 1323 3256 curias
1338 3192 1373 3256 et
1392 3184 1493 3256 villas
1516 3184 1669 3279 ipsorum

265 3308 408 3384 iratrum
422 3327 511 3401 quas
526 3306 562 3376 in
578 3306 727 3401 presenti
742 3305 872 3378 habent
894 3306 948 3379 vel
966 3307 1002 3378 in
1018 3308 1134 3380 futuro
1151 3307 1389 3402 cujuscunque
1406 3308 1586 3401 largitione
1603 3309 1671 3384 ba·

266 3433 372 3506 bituri
389 3441 483 3524 sunt,
502 3431 620 3502 nullus
637 3431 832 3504 mortalium
845 3433 904 3524 jus
919 3431 1100 3506 advocatie
1117 3431 1183 3504 sibi
1202 3452 1369 3527 usurpare
1388 3441 1581 3526 presumat,
1607 3431 1671 3506 sed

267 3579 346 3630 cum
362 3555 552 3630 necessitas
568 3555 685 3649 aliqua
701 3554 752 3628 eis
767 3555 948 3648 ingruerit,
964 3577 1069 3650 quem
1086 3556 1153 3652 ipsi
1168 3556 1234 3627 sibi
1250 3565 1433 3651 patronum
1447 3555 1670 3650 adsciverint,

266 3681 303 3753 in
329 3702 448 3756 eorum
471 3679 613 3752 arbitrio
641 3678 815 3752 consistat.
843 3679 969 3773 Sioque
993 3678 1106 3751 omnis
1130 3679 1270 3752 omnino
1296 3679 1510 3774 malignandi
1537 3680 1672 3755 occasio

268 3805 406 3900 penitus
421 3803 632 3895 obstruatur,
647 3811 686 3874 ut
699 3804 868 3900 prelatum
879 3803 1125 3877 monasterium
1141 3824 1162 3876 a
1175 3803 1360 3896 judiciaria
1376 3811 1542 3899 potestate
1556 3806 1674 3878 omni-

265 3951 335 4024 que
348 3929 529 4002 exactione
543 3926 1088 4020 seculari,theloneouidelieetet
1101 3927 1262 4000 omnibus
1276 3925 1525 4020 aliis,liberum
1538 3949 1672 4022 semper

267 4061 302 4126 et
325 4052 520 4125 absolutum
544 4060 754 4146 permaneat.
773 4052 996 4125 Decernimus
1014 4073 1154 4146 quoque
1175 4060 1211 4124 et
1230 4051 1335 4145 regali
1356 4050 1566 4144 benignitate
1588 4071 1671 4122 con·

268 4175 424 4251 ccdimus
445 4185 485 4247 ut
505 4197 725 4270 quecumque
741 4197 887 4271 persona
905 4175 1013 4248 libera
1029 4175 1087 4250 vel
1108 4175 1355 4266 ministerialis,
1374 4173 1431 4247 vel
1453 4171 1592 4246 alterius
1608 4195 1671 4244 cu·

265 4305 475 4398 jussumque
499 4301 722 4394 conditionis,
746 4301 792 4375 de
819 4301 920 4374 bonis
949 4301 1022 4374 suis
1049 4301 1212 4396 predictis
1239 4299 1401 4373 iratribus
1428 4319 1491 4395 pro
1518 4298 1672 4372 remedio

269 4427 384 4500 anime
413 4447 477 4498 sue
497 4426 684 4520 quiequam
708 4402 866 4498 conferre
881 4425 1049 4518 voluerit,
1070 4425 1108 4498 id
1129 4425 1236 4497 libere
1261 4423 1384 4515 iaciat,
1410 4431 1445 4496 et
1462 4423 1536 4495 sine
1556 4423 1672 4517 aliqua

268 4549 550 4626 contradictione.
581 4549 639 4624 Ad
663 4550 768 4644 hujus
791 4549 908 4646 itaque
932 4550 1125 4626 donationis
1153 4548 1339 4624 certamin
1362 4556 1567 4646 perpetuum
1592 4547 1671 4621 evi-
