<?xml version="1.0" encoding="UTF-8"?>
<!DOCTYPE html PUBLIC "-//W3C//DTD XHTML 1.0 Transitional//EN"
    "http://www.w3.org/TR/xhtml1/DTD/xhtml1-transitional.dtd">
<html xmlns="http://www.w3.org/1999/xhtml" xml:lang="en" lang="en">
 <head>
  <title>
</title>
<meta http-equiv="Content-Type" content="text/html;charset=utf-8" />
  <meta name='ocr-system' content='tesseract 3.04.00' />
  <meta name='ocr-capabilities' content='ocr_page ocr_carea ocr_par ocr_line ocrx_word'/>
</head>
<body>
  <div class='ocr_page' id='page_1' title='image "./historiadiploma06fredgoog_0340.png"; bbox 0 0 4382 5946; ppageno 0'>
   <div class='ocr_carea' id='block_1_1' title="bbox 276 525 1676 610">
    <p class='ocr_par' dir='ltr' id='par_1_1' title="bbox 276 525 1676 610">
     <span class='ocr_line' id='line_1_1' title="bbox 276 525 1676 610; baseline -0.002 -20"><span class='ocrx_word' id='word_1_1' title='bbox 276 531 432 610; x_wconf 80' lang='lat' dir='ltr'><strong>luurur.3.]</strong></span> <span class='ocrx_word' id='word_1_2' title='bbox 724 529 918 591; x_wconf 77' lang='lat' dir='ltr'><strong>HISTORIA</strong></span> <span class='ocrx_word' id='word_1_3' title='bbox 944 527 1234 589; x_wconf 80' lang='lat' dir='ltr'><strong>lllPLOlllll&#39;l&#39;lCA.</strong></span> <span class='ocrx_word' id='word_1_4' title='bbox 1618 525 1676 588; x_wconf 78' lang='lat'><strong>321</strong></span> 
     </span>
    </p>
   </div>
   <div class='ocr_carea' id='block_1_2' title="bbox 211 663 1682 4112">
    <p class='ocr_par' dir='ltr' id='par_1_2' title="bbox 275 663 1682 2371">
     <span class='ocr_line' id='line_1_2' title="bbox 277 663 1677 760; baseline -0.004 -20"><span class='ocrx_word' id='word_1_5' title='bbox 277 665 485 740; x_wconf 89' lang='lat' dir='ltr'><strong>venerabilis</strong></span> <span class='ocrx_word' id='word_1_6' title='bbox 503 665 664 760; x_wconf 82' lang='lat' dir='ltr'><strong>prepositi</strong></span> <span class='ocrx_word' id='word_1_7' title='bbox 682 663 727 736; x_wconf 94' lang='lat' dir='ltr'><strong>de</strong></span> <span class='ocrx_word' id='word_1_8' title='bbox 743 665 967 739; x_wconf 87' lang='lat' dir='ltr'><strong>Denlrendorl</strong></span> <span class='ocrx_word' id='word_1_9' title='bbox 985 674 1019 737; x_wconf 91' lang='lat' dir='ltr'><strong>et</strong></span> <span class='ocrx_word' id='word_1_10' title='bbox 1039 663 1193 736; x_wconf 93' lang='lat' dir='ltr'><strong>omnium</strong></span> <span class='ocrx_word' id='word_1_11' title='bbox 1218 681 1453 734; x_wconf 84' lang='lat' dir='ltr'><strong>successorum</strong></span> <span class='ocrx_word' id='word_1_12' title='bbox 1475 684 1617 734; x_wconf 92' lang='lat' dir='ltr'><strong>suorum</strong></span> <span class='ocrx_word' id='word_1_13' title='bbox 1641 663 1677 735; x_wconf 91' lang='lat' dir='ltr'><strong>iu</strong></span> 
     </span>
     <span class='ocr_line' id='line_1_3' title="bbox 276 786 1679 886; baseline -0.004 -22"><span class='ocrx_word' id='word_1_14' title='bbox 276 799 480 886; x_wconf 88' lang='lat' dir='ltr'><strong>perpetuum</strong></span> <span class='ocrx_word' id='word_1_15' title='bbox 499 789 673 880; x_wconf 77' lang='lat' dir='ltr'><strong>consistat,</strong></span> <span class='ocrx_word' id='word_1_16' title='bbox 690 798 725 862; x_wconf 93' lang='lat' dir='ltr'><strong>et</strong></span> <span class='ocrx_word' id='word_1_17' title='bbox 739 799 778 860; x_wconf 87' lang='lat' dir='ltr'><strong>ut</strong></span> <span class='ocrx_word' id='word_1_18' title='bbox 790 790 971 862; x_wconf 90' lang='lat' dir='ltr'><strong>universos</strong></span> <span class='ocrx_word' id='word_1_19' title='bbox 989 797 1175 884; x_wconf 90' lang='lat' dir='ltr'><strong>proventus</strong></span> <span class='ocrx_word' id='word_1_20' title='bbox 1192 787 1301 882; x_wconf 92' lang='lat' dir='ltr'><strong>ipsius</strong></span> <span class='ocrx_word' id='word_1_21' title='bbox 1315 786 1459 858; x_wconf 81' lang='lat' dir='ltr'><strong>ecclesie</strong></span> <span class='ocrx_word' id='word_1_22' title='bbox 1475 786 1520 858; x_wconf 90' lang='lat' dir='ltr'><strong>ad</strong></span> <span class='ocrx_word' id='word_1_23' title='bbox 1538 796 1679 860; x_wconf 88' lang='lat' dir='ltr'><strong>susten-</strong></span> 
     </span>
     <span class='ocr_line' id='line_1_4' title="bbox 275 887 1681 1003; baseline 0.001 -23"><span class='ocrx_word' id='word_1_24' title='bbox 275 909 443 982; x_wconf 88' lang='lat' dir='ltr'><strong>tacionem</strong></span> <span class='ocrx_word' id='word_1_25' title='bbox 460 909 602 980; x_wconf 83' lang='lat' dir='ltr'><strong>fratrum</strong></span> <span class='ocrx_word' id='word_1_26' title='bbox 624 908 719 1003; x_wconf 89' lang='lat' dir='ltr'><strong>apud</strong></span> <span class='ocrx_word' id='word_1_27' title='bbox 734 909 962 1000; x_wconf 78' lang='lat' dir='ltr'><strong>Dietbrucgen</strong></span> <span class='ocrx_word' id='word_1_28' title='bbox 976 911 1048 980; x_wconf 90' lang='lat' dir='ltr'><strong>Deo</strong></span> <span class='ocrx_word' id='word_1_29' title='bbox 1060 907 1299 980; x_wconf 83' lang='lat' dir='ltr'><strong>famulantium</strong></span> <span class='ocrx_word' id='word_1_30' title='bbox 1317 887 1397 978; x_wconf 88' lang='lat' dir='ltr'><strong>cum</strong></span> <span class='ocrx_word' id='word_1_31' title='bbox 1414 905 1509 977; x_wconf 93' lang='lat' dir='ltr'><strong>omni</strong></span> <span class='ocrx_word' id='word_1_32' title='bbox 1525 906 1681 980; x_wconf 84' lang='lat' dir='ltr'><strong>libertate</strong></span> 
     </span>
     <span class='ocr_line' id='line_1_5' title="bbox 276 1029 1682 1127; baseline 0.001 -23"><span class='ocrx_word' id='word_1_33' title='bbox 276 1031 391 1104; x_wconf 92' lang='lat' dir='ltr'><strong>dictus</strong></span> <span class='ocrx_word' id='word_1_34' title='bbox 404 1031 598 1127; x_wconf 82' lang='lat' dir='ltr'><strong>prepositus</strong></span> <span class='ocrx_word' id='word_1_35' title='bbox 614 1041 649 1104; x_wconf 88' lang='lat' dir='ltr'><strong>et</strong></span> <span class='ocrx_word' id='word_1_36' title='bbox 662 1032 738 1123; x_wconf 84' lang='lat' dir='ltr'><strong>ejus</strong></span> <span class='ocrx_word' id='word_1_37' title='bbox 752 1053 965 1106; x_wconf 80' lang='lat' dir='ltr'><strong>successores</strong></span> <span class='ocrx_word' id='word_1_38' title='bbox 983 1033 1017 1103; x_wconf 89' lang='lat' dir='ltr'><strong>in</strong></span> <span class='ocrx_word' id='word_1_39' title='bbox 1035 1053 1140 1104; x_wconf 92' lang='lat' dir='ltr'><strong>evum</strong></span> <span class='ocrx_word' id='word_1_40' title='bbox 1159 1029 1359 1125; x_wconf 89' lang='lat' dir='ltr'><strong>percipiant.</strong></span> <span class='ocrx_word' id='word_1_41' title='bbox 1379 1033 1467 1102; x_wconf 90' lang='lat' dir='ltr'><strong>Sunt</strong></span> <span class='ocrx_word' id='word_1_42' title='bbox 1484 1039 1600 1102; x_wconf 89' lang='lat' dir='ltr'><strong>autem</strong></span> <span class='ocrx_word' id='word_1_43' title='bbox 1616 1032 1682 1106; x_wconf 91' lang='lat' dir='ltr'><strong>hec</strong></span> 
     </span>
     <span class='ocr_line' id='line_1_6' title="bbox 277 1155 1682 1251; baseline 0 -23"><span class='ocrx_word' id='word_1_44' title='bbox 277 1157 414 1228; x_wconf 91' lang='lat' dir='ltr'><strong>nomina</strong></span> <span class='ocrx_word' id='word_1_45' title='bbox 432 1156 590 1226; x_wconf 89' lang='lat' dir='ltr'><strong>villarum</strong></span> <span class='ocrx_word' id='word_1_46' title='bbox 607 1155 759 1228; x_wconf 89' lang='lat' dir='ltr'><strong>decimas</strong></span> <span class='ocrx_word' id='word_1_47' title='bbox 776 1178 856 1228; x_wconf 91' lang='lat' dir='ltr'><strong>suas</strong></span> <span class='ocrx_word' id='word_1_48' title='bbox 871 1157 917 1230; x_wconf 89' lang='lat' dir='ltr'><strong>ad</strong></span> <span class='ocrx_word' id='word_1_49' title='bbox 935 1156 1080 1229; x_wconf 89' lang='lat' dir='ltr'><strong>eandem</strong></span> <span class='ocrx_word' id='word_1_50' title='bbox 1097 1155 1275 1228; x_wconf 87' lang='lat' dir='ltr'><strong>ecclesiam</strong></span> <span class='ocrx_word' id='word_1_51' title='bbox 1294 1156 1562 1249; x_wconf 86' lang='lat' dir='ltr'><strong>persolventium</strong></span> <span class='ocrx_word' id='word_1_52' title='bbox 1579 1183 1587 1227; x_wconf 93' lang='lat'><strong>:</strong></span> <span class='ocrx_word' id='word_1_53' title='bbox 1605 1157 1682 1251; x_wconf 93' lang='lat' dir='ltr'><strong>ipsa</strong></span> 
     </span>
     <span class='ocr_line' id='line_1_7' title="bbox 276 1253 1681 1369; baseline 0.003 -20"><span class='ocrx_word' id='word_1_54' title='bbox 276 1279 357 1351; x_wconf 81' lang='lat' dir='ltr'><strong>vua</strong></span> <span class='ocrx_word' id='word_1_55' title='bbox 380 1279 571 1368; x_wconf 71' lang='lat' dir='ltr'><strong>aaronem,</strong></span> <span class='ocrx_word' id='word_1_56' title='bbox 592 1253 866 1369; x_wconf 71' lang='lat' dir='ltr'><strong>assavausm,</strong></span> <span class='ocrx_word' id='word_1_57' title='bbox 887 1279 1090 1366; x_wconf 71' lang='lat' dir='ltr'><strong>nossem,</strong></span> <span class='ocrx_word' id='word_1_58' title='bbox 1111 1277 1354 1369; x_wconf 73' lang='lat' dir='ltr'><strong>ausaausa,</strong></span> <span class='ocrx_word' id='word_1_59' title='bbox 1377 1279 1502 1350; x_wconf 61' lang='lat' dir='ltr'><strong>ossen</strong></span> <span class='ocrx_word' id='word_1_60' title='bbox 1524 1290 1558 1351; x_wconf 77' lang='lat' dir='ltr'><strong>a</strong></span> <span class='ocrx_word' id='word_1_61' title='bbox 1580 1290 1681 1354; x_wconf 79' lang='lat' dir='ltr'><strong>vaus</strong></span> 
     </span>
     <span class='ocr_line' id='line_1_8' title="bbox 276 1403 1680 1498; baseline -0.001 -21"><span class='ocrx_word' id='word_1_62' title='bbox 276 1404 453 1477; x_wconf 89' lang='lat' dir='ltr'><strong>Bolaudia.</strong></span> <span class='ocrx_word' id='word_1_63' title='bbox 478 1403 533 1476; x_wconf 82' lang='lat' dir='ltr'><strong>Ad</strong></span> <span class='ocrx_word' id='word_1_64' title='bbox 562 1407 660 1496; x_wconf 92' lang='lat' dir='ltr'><strong>cujus</strong></span> <span class='ocrx_word' id='word_1_65' title='bbox 680 1404 729 1475; x_wconf 90' lang='lat' dir='ltr'><strong>rei</strong></span> <span class='ocrx_word' id='word_1_66' title='bbox 749 1403 959 1498; x_wconf 88' lang='lat' dir='ltr'><strong>perhennem</strong></span> <span class='ocrx_word' id='word_1_67' title='bbox 986 1403 1184 1476; x_wconf 89' lang='lat' dir='ltr'><strong>memoriam</strong></span> <span class='ocrx_word' id='word_1_68' title='bbox 1202 1413 1394 1498; x_wconf 90' lang='lat' dir='ltr'><strong>presentem</strong></span> <span class='ocrx_word' id='word_1_69' title='bbox 1417 1403 1581 1498; x_wconf 82' lang='lat' dir='ltr'><strong>paginam</strong></span> <span class='ocrx_word' id='word_1_70' title='bbox 1598 1426 1680 1477; x_wconf 93' lang='lat' dir='ltr'><strong>con·</strong></span> 
     </span>
     <span class='ocr_line' id='line_1_9' title="bbox 277 1527 1681 1624; baseline 0.001 -24"><span class='ocrx_word' id='word_1_71' title='bbox 277 1529 379 1600; x_wconf 90' lang='lat' dir='ltr'><strong>scribi</strong></span> <span class='ocrx_word' id='word_1_72' title='bbox 400 1528 567 1622; x_wconf 89' lang='lat' dir='ltr'><strong>jussimus</strong></span> <span class='ocrx_word' id='word_1_73' title='bbox 585 1538 620 1599; x_wconf 89' lang='lat' dir='ltr'><strong>et</strong></span> <span class='ocrx_word' id='word_1_74' title='bbox 636 1527 822 1619; x_wconf 90' lang='lat' dir='ltr'><strong>majestatis</strong></span> <span class='ocrx_word' id='word_1_75' title='bbox 847 1529 940 1622; x_wconf 82' lang='lat' dir='ltr'><strong>regie</strong></span> <span class='ocrx_word' id='word_1_76' title='bbox 962 1527 1056 1600; x_wconf 91' lang='lat' dir='ltr'><strong>bulla</strong></span> <span class='ocrx_word' id='word_1_77' title='bbox 1083 1527 1297 1622; x_wconf 83' lang='lat' dir='ltr'><strong>consignari,</strong></span> <span class='ocrx_word' id='word_1_78' title='bbox 1322 1537 1510 1602; x_wconf 81' lang='lat' dir='ltr'><strong>statuentes</strong></span> <span class='ocrx_word' id='word_1_79' title='bbox 1532 1538 1567 1602; x_wconf 88' lang='lat' dir='ltr'><strong>et</strong></span> <span class='ocrx_word' id='word_1_80' title='bbox 1587 1530 1681 1624; x_wconf 77' lang='lat' dir='ltr'><strong>regio</strong></span> 
     </span>
     <span class='ocr_line' id='line_1_10' title="bbox 276 1652 1677 1748; baseline -0.002 -21"><span class='ocrx_word' id='word_1_81' title='bbox 276 1654 388 1727; x_wconf 91' lang='lat' dir='ltr'><strong>edicto</strong></span> <span class='ocrx_word' id='word_1_82' title='bbox 418 1652 559 1726; x_wconf 86' lang='lat' dir='ltr'><strong>firmiter</strong></span> <span class='ocrx_word' id='word_1_83' title='bbox 591 1654 835 1748; x_wconf 86' lang='lat' dir='ltr'><strong>precipientes,</strong></span> <span class='ocrx_word' id='word_1_84' title='bbox 863 1665 902 1726; x_wconf 90' lang='lat' dir='ltr'><strong>ut</strong></span> <span class='ocrx_word' id='word_1_85' title='bbox 931 1655 1018 1724; x_wconf 91' lang='lat' dir='ltr'><strong>nulli</strong></span> <span class='ocrx_word' id='word_1_86' title='bbox 1046 1675 1197 1747; x_wconf 89' lang='lat' dir='ltr'><strong>uuquam</strong></span> <span class='ocrx_word' id='word_1_87' title='bbox 1225 1673 1371 1748; x_wconf 91' lang='lat' dir='ltr'><strong>persone</strong></span> <span class='ocrx_word' id='word_1_88' title='bbox 1392 1654 1460 1726; x_wconf 87' lang='lat' dir='ltr'><strong>alte</strong></span> <span class='ocrx_word' id='word_1_89' title='bbox 1479 1664 1514 1724; x_wconf 89' lang='lat' dir='ltr'><strong>et</strong></span> <span class='ocrx_word' id='word_1_90' title='bbox 1536 1654 1677 1744; x_wconf 92' lang='lat' dir='ltr'><strong>humili,</strong></span> 
     </span>
     <span class='ocr_line' id='line_1_11' title="bbox 277 1776 1681 1872; baseline 0 -22"><span class='ocrx_word' id='word_1_91' title='bbox 277 1778 506 1850; x_wconf 82' lang='lat' dir='ltr'><strong>ecclesiastice</strong></span> <span class='ocrx_word' id='word_1_92' title='bbox 527 1779 584 1850; x_wconf 93' lang='lat' dir='ltr'><strong>vel</strong></span> <span class='ocrx_word' id='word_1_93' title='bbox 602 1778 765 1868; x_wconf 90' lang='lat' dir='ltr'><strong>seculari,</strong></span> <span class='ocrx_word' id='word_1_94' title='bbox 790 1779 920 1850; x_wconf 90' lang='lat' dir='ltr'><strong>licitum</strong></span> <span class='ocrx_word' id='word_1_95' title='bbox 938 1779 982 1850; x_wconf 90' lang='lat' dir='ltr'><strong>sit</strong></span> <span class='ocrx_word' id='word_1_96' title='bbox 999 1778 1089 1850; x_wconf 88' lang='lat' dir='ltr'><strong>hanc</strong></span> <span class='ocrx_word' id='word_1_97' title='bbox 1103 1788 1216 1850; x_wconf 82' lang='lat' dir='ltr'><strong>nostre</strong></span> <span class='ocrx_word' id='word_1_98' title='bbox 1232 1776 1427 1849; x_wconf 88' lang='lat' dir='ltr'><strong>donationis</strong></span> <span class='ocrx_word' id='word_1_99' title='bbox 1445 1779 1606 1872; x_wconf 76' lang='lat' dir='ltr'><strong>paginam</strong></span> <span class='ocrx_word' id='word_1_100' title='bbox 1627 1778 1681 1850; x_wconf 92' lang='lat' dir='ltr'><strong>iu-</strong></span> 
     </span>
     <span class='ocr_line' id='line_1_12' title="bbox 276 1900 1682 1997; baseline 0 -23"><span class='ocrx_word' id='word_1_101' title='bbox 276 1903 426 1997; x_wconf 77' lang='lat' dir='ltr'><strong>fringere</strong></span> <span class='ocrx_word' id='word_1_102' title='bbox 452 1925 514 1974; x_wconf 92' lang='lat' dir='ltr'><strong>seu</strong></span> <span class='ocrx_word' id='word_1_103' title='bbox 539 1903 656 1996; x_wconf 90' lang='lat' dir='ltr'><strong>aliquo</strong></span> <span class='ocrx_word' id='word_1_104' title='bbox 674 1903 707 1975; x_wconf 93' lang='lat' dir='ltr'><strong>ei</strong></span> <span class='ocrx_word' id='word_1_105' title='bbox 731 1903 931 1976; x_wconf 89' lang='lat' dir='ltr'><strong>temeritatis</strong></span> <span class='ocrx_word' id='word_1_106' title='bbox 957 1925 1046 1974; x_wconf 88' lang='lat' dir='ltr'><strong>ausu</strong></span> <span class='ocrx_word' id='word_1_107' title='bbox 1078 1901 1232 1974; x_wconf 87' lang='lat' dir='ltr'><strong>obviare.</strong></span> <span class='ocrx_word' id='word_1_108' title='bbox 1259 1900 1360 1986; x_wconf 89' lang='lat' dir='ltr'><strong>Quod</strong></span> <span class='ocrx_word' id='word_1_109' title='bbox 1383 1901 1443 1995; x_wconf 91' lang='lat' dir='ltr'><strong>qui</strong></span> <span class='ocrx_word' id='word_1_110' title='bbox 1470 1903 1581 1974; x_wconf 88' lang='lat' dir='ltr'><strong>lacere</strong></span> <span class='ocrx_word' id='word_1_111' title='bbox 1603 1925 1682 1997; x_wconf 92' lang='lat' dir='ltr'><strong>pre-</strong></span> 
     </span>
     <span class='ocr_line' id='line_1_13' title="bbox 276 2025 1679 2122; baseline 0.001 -24"><span class='ocrx_word' id='word_1_112' title='bbox 276 2027 476 2121; x_wconf 90' lang='lat' dir='ltr'><strong>sumpserit,</strong></span> <span class='ocrx_word' id='word_1_113' title='bbox 501 2027 539 2098; x_wconf 93' lang='lat' dir='ltr'><strong>in</strong></span> <span class='ocrx_word' id='word_1_114' title='bbox 561 2048 624 2099; x_wconf 91' lang='lat' dir='ltr'><strong>sue</strong></span> <span class='ocrx_word' id='word_1_115' title='bbox 652 2027 921 2122; x_wconf 89' lang='lat' dir='ltr'><strong>presumptionis</strong></span> <span class='ocrx_word' id='word_1_116' title='bbox 946 2047 1067 2122; x_wconf 92' lang='lat' dir='ltr'><strong>penam</strong></span> <span class='ocrx_word' id='word_1_117' title='bbox 1090 2035 1228 2098; x_wconf 90' lang='lat' dir='ltr'><strong>centum</strong></span> <span class='ocrx_word' id='word_1_118' title='bbox 1254 2025 1360 2096; x_wconf 89' lang='lat' dir='ltr'><strong>libras</strong></span> <span class='ocrx_word' id='word_1_119' title='bbox 1383 2026 1460 2097; x_wconf 92' lang='lat' dir='ltr'><strong>auri</strong></span> <span class='ocrx_word' id='word_1_120' title='bbox 1482 2028 1561 2121; x_wconf 92' lang='lat' dir='ltr'><strong>puri</strong></span> <span class='ocrx_word' id='word_1_121' title='bbox 1586 2049 1679 2099; x_wconf 92' lang='lat' dir='ltr'><strong>com-</strong></span> 
     </span>
     <span class='ocr_line' id='line_1_14' title="bbox 276 2149 1681 2246; baseline 0.001 -24"><span class='ocrx_word' id='word_1_122' title='bbox 276 2160 403 2246; x_wconf 88' lang='lat' dir='ltr'><strong>ponat,</strong></span> <span class='ocrx_word' id='word_1_123' title='bbox 431 2173 578 2245; x_wconf 91' lang='lat' dir='ltr'><strong>quarum</strong></span> <span class='ocrx_word' id='word_1_124' title='bbox 606 2151 771 2224; x_wconf 87' lang='lat' dir='ltr'><strong>medietas</strong></span> <span class='ocrx_word' id='word_1_125' title='bbox 796 2150 879 2224; x_wconf 85' lang='lat' dir='ltr'><strong>fisco</strong></span> <span class='ocrx_word' id='word_1_126' title='bbox 905 2160 1036 2240; x_wconf 88' lang='lat' dir='ltr'><strong>nostro,</strong></span> <span class='ocrx_word' id='word_1_127' title='bbox 1066 2149 1198 2243; x_wconf 90' lang='lat' dir='ltr'><strong>reliqua</strong></span> <span class='ocrx_word' id='word_1_128' title='bbox 1222 2171 1305 2222; x_wconf 89' lang='lat' dir='ltr'><strong>vero</strong></span> <span class='ocrx_word' id='word_1_129' title='bbox 1335 2149 1500 2223; x_wconf 85' lang='lat' dir='ltr'><strong>medietas</strong></span> <span class='ocrx_word' id='word_1_130' title='bbox 1521 2150 1681 2242; x_wconf 88' lang='lat' dir='ltr'><strong>injuriam</strong></span> 
     </span>
     <span class='ocr_line' id='line_1_15' title="bbox 275 2275 624 2371; baseline -0.006 -23"><span class='ocrx_word' id='word_1_131' title='bbox 275 2275 383 2371; x_wconf 85' lang='lat' dir='ltr'><strong>passis</strong></span> <span class='ocrx_word' id='word_1_132' title='bbox 400 2277 624 2371; x_wconf 91' lang='lat' dir='ltr'><strong>persolvatur.</strong></span> 
     </span>
    </p>

    <p class='ocr_par' dir='ltr' id='par_1_3' title="bbox 275 2397 1682 2744">
     <span class='ocr_line' id='line_1_16' title="bbox 323 2397 1681 2494; baseline -0.001 -20"><span class='ocrx_word' id='word_1_133' title='bbox 323 2402 438 2474; x_wconf 86' lang='lat' dir='ltr'><strong>Testes</strong></span> <span class='ocrx_word' id='word_1_134' title='bbox 460 2401 566 2492; x_wconf 88' lang='lat' dir='ltr'><strong>hujus</strong></span> <span class='ocrx_word' id='word_1_135' title='bbox 587 2400 636 2473; x_wconf 94' lang='lat' dir='ltr'><strong>rei</strong></span> <span class='ocrx_word' id='word_1_136' title='bbox 659 2409 740 2471; x_wconf 92' lang='lat' dir='ltr'><strong>suut</strong></span> <span class='ocrx_word' id='word_1_137' title='bbox 762 2399 929 2472; x_wconf 88' lang='lat' dir='ltr'><strong>Hauricus</strong></span> <span class='ocrx_word' id='word_1_138' title='bbox 947 2397 1207 2492; x_wconf 79' lang='lat' dir='ltr'><strong>Argentinensis</strong></span> <span class='ocrx_word' id='word_1_139' title='bbox 1228 2398 1428 2493; x_wconf 87' lang='lat' dir='ltr'><strong>episeopus,</strong></span> <span class='ocrx_word' id='word_1_140' title='bbox 1450 2421 1564 2472; x_wconf 91' lang='lat' dir='ltr'><strong>comes</strong></span> <span class='ocrx_word' id='word_1_141' title='bbox 1584 2401 1681 2494; x_wconf 80' lang='lat' dir='ltr'><strong>Sige-</strong></span> 
     </span>
     <span class='ocr_line' id='line_1_17' title="bbox 275 2521 1677 2616; baseline -0.001 -18"><span class='ocrx_word' id='word_1_142' title='bbox 275 2527 392 2598; x_wconf 90' lang='lat' dir='ltr'><strong>bertus</strong></span> <span class='ocrx_word' id='word_1_143' title='bbox 405 2525 450 2596; x_wconf 91' lang='lat' dir='ltr'><strong>de</strong></span> <span class='ocrx_word' id='word_1_144' title='bbox 468 2523 606 2613; x_wconf 90' lang='lat' dir='ltr'><strong>Werda,</strong></span> <span class='ocrx_word' id='word_1_145' title='bbox 626 2525 793 2596; x_wconf 89' lang='lat' dir='ltr'><strong>lleuricns</strong></span> <span class='ocrx_word' id='word_1_146' title='bbox 806 2523 852 2596; x_wconf 91' lang='lat' dir='ltr'><strong>da</strong></span> <span class='ocrx_word' id='word_1_147' title='bbox 868 2523 1118 2616; x_wconf 81' lang='lat' dir='ltr'><strong>Cunegesberc,</strong></span> <span class='ocrx_word' id='word_1_148' title='bbox 1138 2521 1356 2594; x_wconf 84' lang='lat' dir='ltr'><strong>Eberhardus</strong></span> <span class='ocrx_word' id='word_1_149' title='bbox 1367 2521 1412 2593; x_wconf 92' lang='lat' dir='ltr'><strong>de</strong></span> <span class='ocrx_word' id='word_1_150' title='bbox 1429 2523 1541 2596; x_wconf 90' lang='lat' dir='ltr'><strong>Salem</strong></span> <span class='ocrx_word' id='word_1_151' title='bbox 1557 2524 1677 2612; x_wconf 89' lang='lat' dir='ltr'><strong>abbas,</strong></span> 
     </span>
     <span class='ocr_line' id='line_1_18' title="bbox 275 2646 1682 2744; baseline 0.001 -23"><span class='ocrx_word' id='word_1_152' title='bbox 275 2649 455 2722; x_wconf 86' lang='lat' dir='ltr'><strong>Cunradus</strong></span> <span class='ocrx_word' id='word_1_153' title='bbox 472 2651 581 2741; x_wconf 88' lang='lat' dir='ltr'><strong>major</strong></span> <span class='ocrx_word' id='word_1_154' title='bbox 596 2649 766 2744; x_wconf 90' lang='lat' dir='ltr'><strong>Spirensis</strong></span> <span class='ocrx_word' id='word_1_155' title='bbox 781 2648 925 2722; x_wconf 85' lang='lat' dir='ltr'><strong>ecclesie</strong></span> <span class='ocrx_word' id='word_1_156' title='bbox 942 2647 1149 2743; x_wconf 88' lang='lat' dir='ltr'><strong>prepositus,</strong></span> <span class='ocrx_word' id='word_1_157' title='bbox 1169 2647 1350 2720; x_wconf 89' lang='lat' dir='ltr'><strong>Cunradus</strong></span> <span class='ocrx_word' id='word_1_158' title='bbox 1367 2646 1522 2738; x_wconf 91' lang='lat' dir='ltr'><strong>ejusdem</strong></span> <span class='ocrx_word' id='word_1_159' title='bbox 1538 2649 1682 2722; x_wconf 87' lang='lat' dir='ltr'><strong>ecclesie</strong></span> 
     </span>
    </p>

    <p class='ocr_par' dir='ltr' id='par_1_4' title="bbox 211 2770 1677 2991">
     <span class='ocr_line' id='line_1_19' title="bbox 211 2770 1677 2868; baseline -0.001 -21"><span class='ocrx_word' id='word_1_160' title='bbox 211 2783 213 2786; x_wconf 82' lang='grc'><strong>’</strong></span> <span class='ocrx_word' id='word_1_161' title='bbox 276 2773 444 2862; x_wconf 89' lang='lat' dir='ltr'><strong>decanus,</strong></span> <span class='ocrx_word' id='word_1_162' title='bbox 473 2773 640 2846; x_wconf 84' lang='lat' dir='ltr'><strong>ilenricus</strong></span> <span class='ocrx_word' id='word_1_163' title='bbox 666 2773 711 2846; x_wconf 93' lang='lat' dir='ltr'><strong>de</strong></span> <span class='ocrx_word' id='word_1_164' title='bbox 740 2772 1039 2868; x_wconf 91' lang='lat' dir='ltr'><strong>Scharpheuberc,</strong></span> <span class='ocrx_word' id='word_1_165' title='bbox 1068 2770 1288 2844; x_wconf 88' lang='lat' dir='ltr'><strong>Eberhardus</strong></span> <span class='ocrx_word' id='word_1_166' title='bbox 1313 2771 1446 2867; x_wconf 81' lang='lat' dir='ltr'><strong>dapifer</strong></span> <span class='ocrx_word' id='word_1_167' title='bbox 1469 2771 1516 2845; x_wconf 91' lang='lat' dir='ltr'><strong>de</strong></span> <span class='ocrx_word' id='word_1_168' title='bbox 1540 2773 1677 2863; x_wconf 82' lang='lat' dir='ltr'><strong>Tenue,</strong></span> 
     </span>
     <span class='ocr_line' id='line_1_20' title="bbox 275 2893 1676 2991; baseline -0.001 -21"><span class='ocrx_word' id='word_1_169' title='bbox 275 2898 455 2971; x_wconf 87' lang='lat' dir='ltr'><strong>Cauradus</strong></span> <span class='ocrx_word' id='word_1_170' title='bbox 474 2898 519 2970; x_wconf 89' lang='lat' dir='ltr'><strong>de</strong></span> <span class='ocrx_word' id='word_1_171' title='bbox 536 2897 811 2987; x_wconf 89' lang='lat' dir='ltr'><strong>Winterstetteu,</strong></span> <span class='ocrx_word' id='word_1_172' title='bbox 837 2896 1020 2970; x_wconf 87' lang='lat' dir='ltr'><strong>Anselmus</strong></span> <span class='ocrx_word' id='word_1_173' title='bbox 1033 2894 1079 2968; x_wconf 92' lang='lat' dir='ltr'><strong>de</strong></span> <span class='ocrx_word' id='word_1_174' title='bbox 1100 2893 1295 2988; x_wconf 80' lang='lat' dir='ltr'><strong>lustingen,</strong></span> <span class='ocrx_word' id='word_1_175' title='bbox 1315 2904 1350 2967; x_wconf 91' lang='lat' dir='ltr'><strong>et</strong></span> <span class='ocrx_word' id='word_1_176' title='bbox 1366 2897 1425 2968; x_wconf 93' lang='lat' dir='ltr'><strong>alii</strong></span> <span class='ocrx_word' id='word_1_177' title='bbox 1442 2897 1676 2991; x_wconf 90' lang='lat' dir='ltr'><strong>quamplures.</strong></span> 
     </span>
    </p>

    <p class='ocr_par' dir='ltr' id='par_1_5' title="bbox 276 3019 1677 3244">
     <span class='ocr_line' id='line_1_21' title="bbox 322 3019 1677 3116; baseline -0.002 -22"><span class='ocrx_word' id='word_1_178' title='bbox 322 3023 467 3116; x_wconf 80' lang='lat' dir='ltr'><strong>Signum</strong></span> <span class='ocrx_word' id='word_1_179' title='bbox 485 3021 617 3094; x_wconf 91' lang='lat' dir='ltr'><strong>domini</strong></span> <span class='ocrx_word' id='word_1_180' title='bbox 635 3021 796 3095; x_wconf 87' lang='lat' dir='ltr'><strong>Friderici</strong></span> <span class='ocrx_word' id='word_1_181' title='bbox 810 3022 1038 3094; x_wconf 85' lang='lat' dir='ltr'><strong>Romanorum</strong></span> <span class='ocrx_word' id='word_1_182' title='bbox 1057 3020 1149 3114; x_wconf 78' lang='lat' dir='ltr'><strong>regis</strong></span> <span class='ocrx_word' id='word_1_183' title='bbox 1167 3029 1200 3092; x_wconf 88' lang='lat' dir='ltr'><strong>et</strong></span> <span class='ocrx_word' id='word_1_184' title='bbox 1214 3021 1305 3112; x_wconf 76' lang='lat' dir='ltr'><strong>regis</strong></span> <span class='ocrx_word' id='word_1_185' title='bbox 1318 3019 1432 3092; x_wconf 90' lang='lat' dir='ltr'><strong>Sicilie</strong></span> <span class='ocrx_word' id='word_1_186' title='bbox 1449 3021 1677 3094; x_wconf 88' lang='lat' dir='ltr'><strong>invictissimi.</strong></span> 
     </span>
     <span class='ocr_line' id='line_1_22' title="bbox 276 3143 567 3244; baseline -0.007 -26"><span class='ocrx_word' id='word_1_187' title='bbox 276 3143 567 3244; x_wconf 75' lang='lat' dir='ltr'><strong>(Monoprummu.)</strong></span> 
     </span>
    </p>

    <p class='ocr_par' dir='ltr' id='par_1_6' title="bbox 275 3266 1681 3612">
     <span class='ocr_line' id='line_1_23' title="bbox 322 3266 1681 3364; baseline 0 -24"><span class='ocrx_word' id='word_1_188' title='bbox 322 3271 397 3362; x_wconf 80' lang='lat' dir='ltr'><strong>Ego</strong></span> <span class='ocrx_word' id='word_1_189' title='bbox 414 3269 594 3342; x_wconf 87' lang='lat' dir='ltr'><strong>Cauradus</strong></span> <span class='ocrx_word' id='word_1_190' title='bbox 613 3269 783 3364; x_wconf 90' lang='lat' dir='ltr'><strong>Spirensis</strong></span> <span class='ocrx_word' id='word_1_191' title='bbox 795 3279 829 3342; x_wconf 92' lang='lat' dir='ltr'><strong>et</strong></span> <span class='ocrx_word' id='word_1_192' title='bbox 845 3268 1006 3341; x_wconf 87' lang='lat' dir='ltr'><strong>Meteusis</strong></span> <span class='ocrx_word' id='word_1_193' title='bbox 1024 3267 1218 3362; x_wconf 91' lang='lat' dir='ltr'><strong>episcopus,</strong></span> <span class='ocrx_word' id='word_1_194' title='bbox 1239 3266 1423 3361; x_wconf 86' lang='lat' dir='ltr'><strong>imperialis</strong></span> <span class='ocrx_word' id='word_1_195' title='bbox 1441 3267 1520 3339; x_wconf 92' lang='lat' dir='ltr'><strong>aule</strong></span> <span class='ocrx_word' id='word_1_196' title='bbox 1537 3270 1681 3342; x_wconf 91' lang='lat' dir='ltr'><strong>canoel-</strong></span> 
     </span>
     <span class='ocr_line' id='line_1_24' title="bbox 275 3389 1679 3489; baseline -0.001 -23"><span class='ocrx_word' id='word_1_197' title='bbox 275 3396 393 3486; x_wconf 90' lang='lat' dir='ltr'><strong>larius,</strong></span> <span class='ocrx_word' id='word_1_198' title='bbox 411 3396 488 3467; x_wconf 93' lang='lat' dir='ltr'><strong>vice</strong></span> <span class='ocrx_word' id='word_1_199' title='bbox 505 3393 637 3468; x_wconf 91' lang='lat' dir='ltr'><strong>domiui</strong></span> <span class='ocrx_word' id='word_1_200' title='bbox 654 3394 770 3467; x_wconf 88' lang='lat' dir='ltr'><strong>Silridi</strong></span> <span class='ocrx_word' id='word_1_201' title='bbox 792 3395 992 3489; x_wconf 81' lang='lat' dir='ltr'><strong>Mogontine</strong></span> <span class='ocrx_word' id='word_1_202' title='bbox 1015 3392 1114 3466; x_wconf 90' lang='lat' dir='ltr'><strong>Sedis</strong></span> <span class='ocrx_word' id='word_1_203' title='bbox 1138 3389 1386 3488; x_wconf 89' lang='lat' dir='ltr'><strong>archiepiscopi</strong></span> <span class='ocrx_word' id='word_1_204' title='bbox 1410 3402 1445 3465; x_wconf 90' lang='lat' dir='ltr'><strong>et</strong></span> <span class='ocrx_word' id='word_1_205' title='bbox 1467 3393 1577 3466; x_wconf 89' lang='lat' dir='ltr'><strong>tocius</strong></span> <span class='ocrx_word' id='word_1_206' title='bbox 1594 3393 1679 3467; x_wconf 89' lang='lat' dir='ltr'><strong>Ger·</strong></span> 
     </span>
     <span class='ocr_line' id='line_1_25' title="bbox 276 3520 934 3612; baseline -0.003 -20"><span class='ocrx_word' id='word_1_207' title='bbox 276 3520 390 3594; x_wconf 85' lang='lat' dir='ltr'><strong>manle</strong></span> <span class='ocrx_word' id='word_1_208' title='bbox 408 3520 714 3610; x_wconf 84' lang='lat' dir='ltr'><strong>archicancellarii,</strong></span> <span class='ocrx_word' id='word_1_209' title='bbox 735 3520 934 3612; x_wconf 80' lang='lat' dir='ltr'><strong>recognovi.</strong></span> 
     </span>
    </p>

    <p class='ocr_par' dir='ltr' id='par_1_7' title="bbox 275 3640 1682 3986">
     <span class='ocr_line' id='line_1_26' title="bbox 323 3640 1682 3736; baseline 0.001 -20"><span class='ocrx_word' id='word_1_210' title='bbox 323 3644 407 3716; x_wconf 83' lang='lat' dir='ltr'><strong>Acta</strong></span> <span class='ocrx_word' id='word_1_211' title='bbox 429 3654 510 3716; x_wconf 90' lang='lat' dir='ltr'><strong>sunt</strong></span> <span class='ocrx_word' id='word_1_212' title='bbox 534 3645 599 3716; x_wconf 87' lang='lat' dir='ltr'><strong>hec</strong></span> <span class='ocrx_word' id='word_1_213' title='bbox 621 3665 712 3715; x_wconf 89' lang='lat' dir='ltr'><strong>auno</strong></span> <span class='ocrx_word' id='word_1_214' title='bbox 740 3644 874 3715; x_wconf 83' lang='lat' dir='ltr'><strong>Domini</strong></span> <span class='ocrx_word' id='word_1_215' title='bbox 898 3641 1013 3715; x_wconf 88' lang='lat' dir='ltr'><strong>lll.CC.</strong></span> <span class='ocrx_word' id='word_1_216' title='bbox 1044 3640 1320 3736; x_wconf 91' lang='lat' dir='ltr'><strong>quartodecimo,</strong></span> <span class='ocrx_word' id='word_1_217' title='bbox 1348 3651 1514 3733; x_wconf 82' lang='lat' dir='ltr'><strong>regnante</strong></span> <span class='ocrx_word' id='word_1_218' title='bbox 1541 3640 1682 3717; x_wconf 90' lang='lat' dir='ltr'><strong>domiuo</strong></span> 
     </span>
     <span class='ocr_line' id='line_1_27' title="bbox 275 3767 1678 3862; baseline 0 -22"><span class='ocrx_word' id='word_1_219' title='bbox 275 3769 445 3841; x_wconf 90' lang='lat' dir='ltr'><strong>Friderico</strong></span> <span class='ocrx_word' id='word_1_220' title='bbox 463 3769 609 3862; x_wconf 80' lang='lat' dir='ltr'><strong>glorioso</strong></span> <span class='ocrx_word' id='word_1_221' title='bbox 629 3769 860 3840; x_wconf 86' lang='lat' dir='ltr'><strong>Romanorum</strong></span> <span class='ocrx_word' id='word_1_222' title='bbox 879 3789 959 3861; x_wconf 79' lang='lat' dir='ltr'><strong>rege</strong></span> <span class='ocrx_word' id='word_1_223' title='bbox 980 3777 1015 3840; x_wconf 90' lang='lat' dir='ltr'><strong>et</strong></span> <span class='ocrx_word' id='word_1_224' title='bbox 1038 3787 1174 3862; x_wconf 90' lang='lat' dir='ltr'><strong>semper</strong></span> <span class='ocrx_word' id='word_1_225' title='bbox 1195 3774 1362 3859; x_wconf 79' lang='lat' dir='ltr'><strong>augusto,</strong></span> <span class='ocrx_word' id='word_1_226' title='bbox 1386 3775 1421 3838; x_wconf 84' lang='lat' dir='ltr'><strong>et</strong></span> <span class='ocrx_word' id='word_1_227' title='bbox 1443 3787 1527 3859; x_wconf 80' lang='lat' dir='ltr'><strong>rege</strong></span> <span class='ocrx_word' id='word_1_228' title='bbox 1546 3767 1678 3858; x_wconf 89' lang='lat' dir='ltr'><strong>Sicilie,</strong></span> 
     </span>
     <span class='ocr_line' id='line_1_28' title="bbox 275 3891 752 3986; baseline -0.002 -21"><span class='ocrx_word' id='word_1_229' title='bbox 275 3914 365 3966; x_wconf 91' lang='lat' dir='ltr'><strong>auno</strong></span> <span class='ocrx_word' id='word_1_230' title='bbox 381 3893 477 3986; x_wconf 77' lang='lat' dir='ltr'><strong>regui</strong></span> <span class='ocrx_word' id='word_1_231' title='bbox 493 3893 569 3984; x_wconf 87' lang='lat' dir='ltr'><strong>ejus</strong></span> <span class='ocrx_word' id='word_1_232' title='bbox 585 3891 752 3964; x_wconf 89' lang='lat' dir='ltr'><strong>secundo.</strong></span> 
     </span>
    </p>

    <p class='ocr_par' dir='ltr' id='par_1_8' title="bbox 322 4013 1627 4112">
     <span class='ocr_line' id='line_1_29' title="bbox 322 4013 1627 4112; baseline -0.002 -24"><span class='ocrx_word' id='word_1_233' title='bbox 322 4019 446 4090; x_wconf 90' lang='lat' dir='ltr'><strong>Datum</strong></span> <span class='ocrx_word' id='word_1_234' title='bbox 461 4016 556 4112; x_wconf 92' lang='lat' dir='ltr'><strong>apud</strong></span> <span class='ocrx_word' id='word_1_235' title='bbox 570 4016 718 4112; x_wconf 90' lang='lat' dir='ltr'><strong>Spiram,</strong></span> <span class='ocrx_word' id='word_1_236' title='bbox 734 4015 869 4088; x_wconf 93' lang='lat' dir='ltr'><strong>decimo</strong></span> <span class='ocrx_word' id='word_1_237' title='bbox 885 4014 1051 4088; x_wconf 85' lang='lat' dir='ltr'><strong>lraleudas</strong></span> <span class='ocrx_word' id='word_1_238' title='bbox 1069 4016 1277 4105; x_wconf 89' lang='lat' dir='ltr'><strong>novembris,</strong></span> <span class='ocrx_word' id='word_1_239' title='bbox 1296 4013 1492 4088; x_wconf 90' lang='lat' dir='ltr'><strong>indictionis</strong></span> <span class='ocrx_word' id='word_1_240' title='bbox 1514 4013 1627 4086; x_wconf 88' lang='lat' dir='ltr'><strong>tercie.</strong></span> 
     </span>
    </p>
   </div>
   <div class='ocr_carea' id='block_1_3' title="bbox 523 4274 1431 4286">
    <p class='ocr_par' dir='ltr' id='par_1_9' title="bbox 523 4274 1431 4286">
     <span class='ocr_line' id='line_1_30' title="bbox 523 4274 1431 4286; baseline 0 -2"><span class='ocrx_word' id='word_1_241' title='bbox 523 4274 1431 4286; x_wconf 52' lang='grc' dir='ltr'><strong>-η--ο--ο--ι-ι-ιι--ι--ι--ι-</strong></span> 
     </span>
    </p>
   </div>
   <div class='ocr_carea' id='block_1_4' title="bbox 327 4502 1843 4648">
    <p class='ocr_par' dir='ltr' id='par_1_10' title="bbox 327 4502 1843 4648">
     <span class='ocr_line' id='line_1_31' title="bbox 327 4502 1843 4648; baseline 0.001 -59"><span class='ocrx_word' id='word_1_242' title='bbox 327 4504 557 4611; x_wconf 88' lang='lat' dir='ltr'><strong>Fridericus,</strong></span> <span class='ocrx_word' id='word_1_243' title='bbox 587 4504 843 4586; x_wconf 85' lang='lat' dir='ltr'><strong>Romanorum</strong></span> <span class='ocrx_word' id='word_1_244' title='bbox 875 4528 963 4607; x_wconf 87' lang='lat' dir='ltr'><strong>rex,</strong></span> <span class='ocrx_word' id='word_1_245' title='bbox 988 4502 1066 4610; x_wconf 86' lang='lat' dir='ltr'><strong>juri</strong></span> <span class='ocrx_word' id='word_1_246' title='bbox 1094 4529 1164 4586; x_wconf 91' lang='lat' dir='ltr'><strong>suo</strong></span> <span class='ocrx_word' id='word_1_247' title='bbox 1190 4505 1295 4613; x_wconf 90' lang='lat' dir='ltr'><strong>quod</strong></span> <span class='ocrx_word' id='word_1_248' title='bbox 1320 4503 1460 4586; x_wconf 89' lang='lat' dir='ltr'><strong>habere</strong></span> <span class='ocrx_word' id='word_1_249' title='bbox 1484 4505 1682 4590; x_wconf 91' lang='lat' dir='ltr'><strong>videbatur</strong></span> <span class='ocrx_word' id='word_1_250' title='bbox 1734 4549 1843 4648; x_wconf 56' lang='lat' dir='ltr'><strong>Bfflm</strong></span> 
     </span>
    </p>
   </div>
   <div class='ocr_carea' id='block_1_5' title="bbox 276 4634 1878 4836">
    <p class='ocr_par' dir='ltr' id='par_1_11' title="bbox 276 4634 1878 4836">
     <span class='ocr_line' id='line_1_32' title="bbox 276 4634 1878 4749; baseline 0 -29"><span class='ocrx_word' id='word_1_251' title='bbox 276 4639 315 4720; x_wconf 91' lang='lat' dir='ltr'><strong>in</strong></span> <span class='ocrx_word' id='word_1_252' title='bbox 343 4637 541 4720; x_wconf 89' lang='lat' dir='ltr'><strong>advocatis</strong></span> <span class='ocrx_word' id='word_1_253' title='bbox 558 4634 793 4742; x_wconf 87' lang='lat' dir='ltr'><strong>Vilmarzell,</strong></span> <span class='ocrx_word' id='word_1_254' title='bbox 813 4635 853 4716; x_wconf 94' lang='lat' dir='ltr'><strong>in</strong></span> <span class='ocrx_word' id='word_1_255' title='bbox 873 4636 1068 4718; x_wconf 87' lang='lat' dir='ltr'><strong>advocatia</strong></span> <span class='ocrx_word' id='word_1_256' title='bbox 1087 4635 1264 4746; x_wconf 89' lang='lat' dir='ltr'><strong>Seleden,</strong></span> <span class='ocrx_word' id='word_1_257' title='bbox 1284 4637 1324 4718; x_wconf 90' lang='lat' dir='ltr'><strong>in</strong></span> <span class='ocrx_word' id='word_1_258' title='bbox 1352 4637 1449 4720; x_wconf 90' lang='lat' dir='ltr'><strong>curti</strong></span> <span class='ocrx_word' id='word_1_259' title='bbox 1467 4639 1614 4749; x_wconf 86' lang='lat' dir='ltr'><strong>Riegel,</strong></span> <span class='ocrx_word' id='word_1_260' title='bbox 1640 4642 1679 4722; x_wconf 88' lang='lat' dir='ltr'><strong>in</strong></span> <span class='ocrx_word' id='word_1_261' title='bbox 1713 4655 1878 4705; x_wconf 60' lang='lat' dir='ltr'><strong>erembu-</strong></span> 
     </span>
     <span class='ocr_line' id='line_1_33' title="bbox 352 4773 1516 4836; baseline 0.003 -4"><span class='ocrx_word' id='word_1_262' title='bbox 352 4773 378 4834; x_wconf 92' lang='lat'><strong>1.</strong></span> <span class='ocrx_word' id='word_1_263' title='bbox 1483 4783 1516 4836; x_wconf 82' lang='lat' dir='ltr'><strong>u</strong></span> 
     </span>
    </p>
   </div>
   <div class='ocr_carea' id='block_1_6' title="bbox 0 0 2196 5941">
    <p class='ocr_par' dir='ltr' id='par_1_12' title="bbox 0 0 2196 5941">
     <span class='ocr_line' id='line_1_34' title="bbox 0 0 2196 5941; baseline 0 0"><span class='ocrx_word' id='word_1_264' title='bbox 0 0 2196 5941; x_wconf 95' lang='lat' dir='ltr'><strong> </strong></span> 
     </span>
    </p>
   </div>
  </div>
 </body>
</html>
