4434 5942
237 581 335 642 rma.
351 575 395 662 t]
689 563 885 630 utereris
910 561 1202 626 nrrnonsrrcs.

489 851 556 861 nnn-uo·
566 847 743 858 -ι--ι--ο-ισ
751 849 998 858 -ι--ι--.ι-
1004 845 1183 856 -η--οα-
1192 839 1409 854 ...ιι--ιι-ε

294 1135 536 1220 Innocentius
562 1159 662 1244 papa
687 1129 874 1216 universis
901 1131 940 1212 in
968 1129 1106 1240 Apulia
1132 1127 1345 1212 constitutis
1371 1123 1530 1208 mandat
1546 1151 1596 1208 ne
1612 1125 1652 1206 in
1685 1149 1864 1258 imppp

241 1269 371 1382 aliquo
388 1267 675 1352 conventionem
694 1265 878 1376 accipiant
895 1291 919 1346 a
936 1262 1161 1347 cancellario
1178 1288 1268 1344 cnm
1285 1259 1501 1345 Marcualdo
1519 1259 1654 1342 initam

242 1411 375 1488 contra
393 1410 559 1488 suamet
577 1399 849 1510 archiepiscopi
865 1397 1003 1484 Montis
1025 1395 1177 1508 Regalis
1194 1394 1435 1506 episcopique
1455 1393 1653 1503 Cephalu-

242 1539 371 1624 densis
388 1536 634 1622 familiarium
651 1535 753 1648 regis
769 1533 1024 1639 voluntatem,
1039 1558 1109 1614 nec
1127 1558 1150 1614 a
1165 1530 1299 1614 litteris
1312 1529 1426 1641 regiis
1444 1555 1566 1638 quum
1583 1527 1656 1610 fic-

242 1671 346 1756 titiae
360 1672 437 1756 sint
449 1681 689 1780 moveantur,
704 1671 773 1753 sed
785 1668 941 1754 viriliter
953 1668 1076 1750 eidem
1090 1663 1308 1750 Mercueldo
1326 1664 1359 1746 si
1376 1664 1471 1746 citra
1487 1658 1656 1746 Pharum

244 1817 453 1894 revertatur
465 1808 656 1892 resistant.

297 2095 301 2102 ,
327 2024 418 2103 (ddlt.
433 2027 467 2084 ln
480 2019 603 2104 Epistol.
620 2023 719 2083 donoc.
735 2021 794 2098 111,
809 2037 879 2082 ann.
895 2019 957 2094 111,
969 2037 1019 2098 ap.
1034 2011 1225 2090 anourevr,
1242 2024 1313 2078 torn.
1330 2017 1363 2096 1,
1378 2034 1408 2094 p.
1426 2025 1476 2090 ²5,
1491 2015 1658 2092 n0xx1113

365 2131 466 2192 mlnns
479 2147 551 2193 vere
563 2133 678 2209 integre
694 2147 740 2208 ap.
763 2129 937 2202 narrum„
951 2123 1058 2188 dunat
1076 2123 1182 2194 calca,
1199 2131 1222 2187 t.
1238 2127 1271 2206 1,
1286 2125 1324 2186 ad
1337 2141 1404 2186 ann.
1424 2133 1513 2200 12⁰0,
1527 2121 1660 2208 svm.)

297 2317 536 2410 Innocentius,
560 2327 645 2407 etc,
667 2315 948 2413 archiepiscopis,
968 2316 1151 2412 episeopis,
1172 2315 1367 2404 comitibus,
1387 2314 1588 2407 baronibus,
1607 2314 1662 2388 ci-

248 2441 353 2516 vibus
371 2451 406 2516 et
423 2442 587 2516 universo
603 2441 735 2539 populo
752 2463 815 2539 per
827 2441 989 2538 Apuliam
1006 2440 1213 2531 constitutis,
1227 2449 1294 2514 ete.
1308 2439 1541 2536 Tyrannidem
1555 2461 1662 2534 quarn

249 2566 333 2640 clim
347 2565 568 2642 limenaldus
582 2568 619 2640 in
635 2589 785 2660 reguum
801 2567 960 2642 exercuit
969 2563 1114 2640 infixam
1129 2587 1205 2640 esse
1221 2565 1397 2640 eredimus
1412 2565 1518 2638 menti
1531 2573 1659 2654 vestre,

251 2711 331 2764 enm
356 2689 472 2764 adbuc
494 2691 650 2766 incurate
673 2699 836 2764 maneant
860 2691 1044 2764 vulnerum
1069 2689 1245 2764 cicatrices
1268 2711 1341 2784 que
1361 2711 1469 2783 regno
1497 2689 1534 2762 in
1558 2689 1663 2762 rebus

251 2815 368 2888 intulit
388 2823 424 2888 et
440 2815 613 2910 personis,
635 2837 701 2890 nec
716 2816 856 2890 valeant
874 2813 920 2888 de
943 2815 1013 2888 levi
1038 2813 1164 2888 curan.
1191 2815 1268 2911 lpse
1297 2813 1441 2910 quidem
1462 2835 1526 2888 nee
1551 2815 1663 2888 Deum

251 2940 377 3014 timens
402 2961 467 3014 nec
488 2941 660 3014 reveritus
681 2940 857 3014 hominem
880 2959 945 3014 nec
967 2939 1069 3017 sexui
1094 2939 1218 3016 detulit
1235 2941 1398 3016 necetati
1419 2939 1573 3036 pepercit
1600 2961 1665 3014 nee

252 3085 445 3160 pauperum
472 3073 525 3138 est
550 3063 712 3138 misertus
740 3085 807 3140 nee
834 3065 954 3138 vultus
976 3065 1166 3160 potentium
1193 3064 1398 3160 acceptavit,
1423 3063 1610 3159 quominus
1628 3061 1665 3136 in

253 3205 374 3260 ornnes
388 3188 516 3284 pariter
532 3186 717 3276 deseviret,
736 3188 897 3262 eeclesias
910 3199 946 3262 et
960 3189 1207 3264 ecclesiasticos
1223 3189 1316 3262 viros
1332 3189 1553 3285 opprimeret,
1569 3211 1666 3288 pau-

253 3330 354 3407 peres
376 3321 582 3406 aggravaret
602 3322 639 3388 st
656 3320 813 3410 potentes
829 3323 962 3388 vestros
981 3314 1132 3388 vinculis
1151 3313 1270 3390 ferreis
1289 3315 1446 3409 alligatos
1467 3315 1667 3390 inexilium

256 3433 421 3530 dirigeret
441 3436 669 3530 mutilandos,
691 3439 777 3533 quin
798 3439 902 3514 etiam
921 3440 1079 3535 virgines
1098 3449 1230 3515 vestras
1251 3441 1443 3515 tauwnbus
1462 3441 1537 3514 suis
1551 3462 1668 3538 expo-

256 3569 366 3652 neret,
385 3581 455 3634 ncn
469 3561 646 3657 privatim,
663 3562 727 3636 sed
739 3563 882 3659 publice
893 3563 1176 3661 corrumpendas,
1193 3579 1229 3638 et
1241 3567 1443 3659 conjngatas
1454 3565 1531 3661 rapi
1545 3565 1670 3639 taceret

256 3684 294 3756 in
313 3686 423 3760 oculis
446 3687 660 3760 maritorum.
684 3689 754 3762 Nos
771 3697 888 3762 autern
911 3711 1058 3784 regnum
1075 3690 1191 3764 Sicilie
1215 3691 1362 3764 seientes
1378 3689 1426 3764 ad
1443 3689 1503 3782 jus
1527 3700 1562 3762 et
1583 3711 1672 3786 pre-

256 3808 436 3902 prietatem
451 3810 551 3886 Sedis
565 3810 762 3908 apostolice
779 3814 954 3908 pertinere
971 3835 1013 3888 ac
1025 3813 1243 3888 abundantes
1259 3814 1356 3909 qued
1373 3823 1409 3890 et
1423 3814 1592 3890 eadsdmi
1608 3814 1670 3888 dlii

257 3934 366 4006 uestri
387 3935 427 4008 F.
453 3935 568 4010 Sicilie
589 3937 681 4031 regis
704 3937 847 4012 illustris
869 3938 1009 4015 tutelam
1030 3947 1065 4014 et
1080 3939 1179 4034 regni
1204 3939 1334 4014 balium
1360 3939 1489 4036 inelyte
1509 3938 1671 4014 reeorda-

257 4053 361 4128 tionis
374 4055 412 4130 C.
432 4057 633 4156 imperatrix
649 4061 751 4134 nobis
760 4061 941 4156 reliquerit
953 4071 1167 4152 testamento,
1182 4064 1278 4158 qued
1294 4063 1415 4158 ntique
1428 4063 1559 4137 balium
1571 4064 1672 4138 nobis

259 4181 424 4276 competit
439 4203 486 4256 ex
499 4186 689 4280 approbata
706 4208 848 4282 quoque
867 4188 965 4282 regni
984 4189 1233 4262 consuetudine
1249 4211 1320 4284 que
1333 4211 1395 4285 pro
1406 4190 1483 4284 lege
1499 4197 1669 4282 servatur,

257 4303 417 4398 predicto
435 4305 482 4378 ll.
502 4329 649 4401 regnum
669 4309 793 4382 iterum
811 4311 990 4385 invadenti
1005 4333 1068 4385 nos
1087 4314 1180 4408 ipsos
1197 4313 1364 4386 duximus
1378 4313 1617 4408 opponendos,
1638 4323 1673 4386 et

257 4436 394 4522 praeter
421 4433 588 4506 canonice
613 4434 835 4509 districtionis
861 4437 1160 4533 sententiamque
1186 4427 1671 4532 excommunicandc'percu·

258 4547 364 4624 limus
384 4553 595 4648 pertinacem
618 4565 652 4630 et
671 4559 819 4631 lautores
839 4559 967 4656 ipsius,
988 4561 1217 4656 temporaliter
1234 4557 1338 4632 etiam
1360 4579 1428 4630 non
1453 4541 1528 4632 sine
1548 4555 1673 4658 sump-

262 4671 355 4748 tibus
371 4674 493 4753 mnltis
511 4679 587 4774 ejus
606 4671 807 4758 curavimus
829 4663 1013 4758 conatibus
1028 4683 1188 4776 obviare;
1210 4668 1259 4758 ita
1271 4681 1367 4778 qued
1386 4660 1454 4774 nisi
1478 4683 1600 4779 primis
1618 4685 1672 4757 in·
