4378 5954
287 579 464 670 inermia]
734 579 933 642 HISTORIA
958 579 1249 646 ulnnollltulct.
1641 580 1700 644 lon

286 731 375 790 unm
392 716 430 788 iu
451 712 575 790 eodem
594 714 804 788 monasterio
823 737 903 788 cum
920 716 999 790 aliis
1013 716 1201 808 elucescat,
1219 713 1465 790 confirmamus
1481 714 1596 790 cidem
1614 737 1698 790 mc·

283 841 430 916 nnstuio
464 839 687 936 privilegium
716 848 872 914 noenum
901 861 963 937 per
992 841 1089 938 quod
1123 842 1157 916 ei
1189 841 1422 916 concessimus
1456 842 1493 914 in
1529 841 1698 916 territurio

282 965 498 1061 Magdalouis
527 973 662 1038 tantum
693 962 738 1036 de
769 965 895 1038 foreste
925 965 1032 1038 nostri
1065 963 1217 1039 demanii
1248 975 1417 1060 quantum
1450 964 1623 1039 sufficeret
1646 965 1697 1041 ad

283 1087 578 1180 seminandassex
591 1085 717 1160 curbae
732 1085 778 1160 ad
796 1087 938 1160 curbam
954 1089 1083 1186 Cnpue,
1097 1087 1144 1163 ad
1163 1088 1338 1165 iaciendas
1356 1087 1431 1186 (sic)
1450 1088 1500 1162 ibi
1515 1089 1696 1164 ecclesiam

284 1237 362 1288 oum
380 1211 528 1288 edificiis
547 1221 582 1286 et
597 1211 939 1286 accommoditatibus
964 1213 1057 1306 suis,
1075 1213 1164 1286 11111
1186 1215 1221 1286 iu
1244 1213 1368 1288 eodem
1383 1215 1568 1310 priuilegio
1584 1215 1694 1287 eonti-

285 1347 385 1410 netur
397 1334 471 1432 (l);
485 1346 520 1408 11
537 1333 582 1409 de
604 1356 697 1410 novo
721 1357 784 1431 pro
801 1335 1045 1410 abundantiori
1062 1337 1264 1410 liberalitate
1277 1347 1392 1410 nostre
1409 1337 1475 1434 ipsi
1490 1323 1697 1412 monasterio

283 1470 447 1558 perpetuo
471 1460 696 1536 consedimus
715 1469 750 1534 et
767 1460 937 1535 donamus
960 1462 999 1534 111
1024 1461 1193 1536 territorio
1219 1462 1434 1554 Magdalonis
1460 1471 1537 1535 octo
1564 1471 1697 1536 1111111

282 1587 503 1678 villanorum,
520 1585 683 1658 uidelicet
702 1595 852 1660 casatam
868 1584 914 1660 de
930 1585 1109 1674 lllareudo‚
1127 1595 1277 1660 1111111111
1291 1585 1337 1660 da
1355 1585 1526 1680 Artatnsi,
1545 1595 1695 1661 1111111111

281 1709 385 1782 Blasii
403 1709 598 1804 Cavallarii,
613 1717 763 1782 osculnm
778 1709 952 1782 Guilielmi
970 1709 1015 1784 de
1027 1709 1213 1800 Madelmo,
1233 1718 1383 1784 1111111111
1399 1711 1582 1804 Berraimi,
1598 1733 1696 1786 cusa·

282 1842 350 1904 tam
366 1831 455 1904 Petri
469 1831 617 1924 Guerre,
635 1841 785 1906 caseum
806 1833 980 1907 Paschalis
993 1833 1180 1924 Simeonis,
1202 1842 1352 1906 maetam
1368 1831 1508 1906 heredis
1518 1831 1696 1908 Alberude

281 1955 326 2030 de
351 1955 511 2048 livaldo,
532 1979 611 2030 cum
643 1955 866 2054 pertinenciis
891 1968 926 2031 et
959 1959 1120 2031 omnibus
1145 1957 1294 2052 justiciis
1318 1967 1354 2031 et
1380 1957 1571 2032 rationibus
1597 1955 1692 2050 suis,

279 2080 483 2154 mandentes
496 2089 531 2154 11
545 2079 772 2178 precipientes
789 2091 829 2154 ut
842 2083 958 2156 nullus
971 2081 1017 2156 de
1029 2093 1141 2156 cetero
1154 2079 1348 2178 predictum
1365 2103 1502 2155 sacrum
1520 2091 1696 2155 monaste-

280 2203 392 2294 rium,
408 2203 622 2280 obedientius
639 2215 674 2279 et
691 2205 853 2282 ecclesias
879 2228 962 2281 suas
986 2205 1031 2279 de
1056 2205 1220 2304 predictis
1246 2206 1408 2280 omnibus
1439 2205 1697 2300 quomodolibet

236 2327 239 2332 ’
279 2329 460 2404 molestare
476 2338 664 2426 presumat.
685 2329 788 2417 Quod
812 2331 874 2426 qui
899 2329 1145 2428 presumpserit
1170 2329 1256 2404 iram
1280 2340 1396 2405 nostre
1417 2329 1632 2404 celsitudinis
1656 2353 1695 2405 se

134 2523 137 2530 .
278 2454 415 2528 nouerit
437 2452 669 2528 incursurum.
693 2453 749 2526 Ad
776 2455 881 2550 hujus
907 2465 1022 2529 antem
1043 2453 1283 2554 protectionis,
1301 2453 1588 2548 confirmationis,
1608 2477 1691 2530 con·

278 2577 444 2652 cessionis
458 2587 493 2652 et
506 2577 701 2652 donationis
717 2587 832 2652 nostre
848 2579 1051 2653 memoriam
1066 2589 1100 2652 11
1113 2579 1312 2654 inviolabile
1328 2577 1595 2670 firmamentum,
1613 2600 1692 2674 pre·

278 2722 358 2804 sans
384 2701 607 2799 privilegium
633 2724 696 2800 per
724 2725 849 2777 manus
871 2701 1009 2777 Andree
1034 2703 1156 2776 notarii
1182 2712 1218 2776 et
1248 2701 1362 2776 fidelis
1386 2701 1493 2776 nostri
1521 2703 1624 2776 scribi
1657 2715 1692 2776 et

277 2827 465 2920 majestatis
477 2836 591 2902 nostre
603 2827 717 2922 sigillo
729 2829 948 2926 precepimus
962 2827 1184 2918 communiri,
1199 2849 1303 2922 anno,
1322 2849 1440 2902 meuse
1455 2836 1491 2902 et
1504 2825 1693 2900 indictione

277 2953 492 3049 subscriptis.

324 3077 411 3150 Data
428 3075 464 3148 in
484 3075 571 3149 urbe
590 3075 682 3150 lelioi
701 3076 859 3150 Panormi
877 3098 939 3172 per
955 3099 1080 3152 manus
1097 3077 1258 3154 Gualterii
1278 3075 1323 3150 ds
1338 3075 1464 3148 Palena
1482 3073 1691 3164 venerabilis

275 3198 473 3272 0111111111
491 3199 642 3296 episcopi
668 3209 703 3274 11
725 3201 824 3295 regni
846 3200 962 3274 Sicilie
986 3203 1199 3294 cancellarii,
1219 3221 1312 3276 anno
1333 3199 1507 3276 dominica
1530 3199 1689 3272 incarna-

277 3323 381 3396 tionis
396 3323 578 3398 millesimo
597 3322 835 3400 ducentesimo
859 3347 964 3416 nono,
979 3347 1098 3400 meuse
1113 3326 1281 3416 octobris,
1301 3324 1406 3398 tercie
1423 3323 1559 3398 decime
1573 3323 1689 3397 indic-

275 3445 399 3538 tionis,
415 3448 514 3541 regni
533 3469 618 3522 vero
635 3447 767 3522 domini
786 3451 893 3522 nostri
911 3447 1075 3524 Friderioi
1088 3451 1151 3526 Dei
1171 3450 1281 3548 gratia
1294 3448 1433 3545 gloriosi
1451 3447 1543 3544 regis
1558 3448 1686 3540 Sicilie,

275 3568 423 3644 ducatus
437 3568 566 3668 Apulis
581 3581 617 3646 et
629 3573 842 3670 principatus
854 3573 973 3672 Capua
982 3597 1075 3650 auno
1088 3574 1309 3668 duodecimo,
1324 3573 1478 3648 feliciter.
1488 3571 1612 3646 Amen.

324 4151 537 4239 Friderious
554 4180 622 4239 rex
640 4155 789 4240 Siciliae
806 4157 1001 4242 Thecdiuo
1017 4153 1249 4244 Furccnensi
1267 4153 1443 4264 episcopo
1459 4162 1498 4236 11
1509 4149 1686 4236 ecclesiae
1717 4157 1879 4270 “md

272 4284 355 4395 ejus
373 4287 498 4372 casale
516 4289 644 4374 Sancti
667 4289 824 4374 Eusanii
844 4300 882 4374 11
907 4290 1106 4375 castellum
1134 4289 1250 4376 Collis
1276 4287 1455 4374 Paidonis
1474 4286 1524 4371 ad
1545 4310 1683 4371 axem-
1752 4269 1845 4314 Μ

271 4417 381 4527 plum
399 4419 459 4504 aui
478 4422 537 4506 sui
554 4421 706 4536 Rogerii
723 4426 825 4538 regis
842 4423 1055 4510 confirmat.
1085 4507 1087 4512 .

1512 4631 1677 4648 ‘m

307 4735 345 4808 lt)
362 4735 430 4796 Vide
440 4752 535 4814 supra,
549 4757 579 4816 p.
592 4743 653 4801 tlt.
