4334 5980
220 587 321 646 lenter.
340 580 400 666 lt]
670 575 869 638 HISTORIA
893 571 1189 638 btrtottnrtcn'
1577 578 1630 638 181

220 747 342 820 regum
360 719 507 796 solvitur
524 716 620 813 qnod
638 717 797 808 debetur,
815 718 898 811 quia
915 727 998 790 tunc
1017 719 1139 794 crescit
1155 709 1316 814 precipue
1329 717 1498 810 largitoris
1512 737 1631 812 preco·

222 851 320 920 nium
332 869 412 920 cnm
428 845 494 918 sub
506 844 605 914 titulo
616 841 654 916 id
670 852 788 916 eterno
801 842 1026 914 conscribitur
1040 843 1136 936 quod
1147 842 1327 916 dedicatur
1338 842 1527 915 Dominoet
1539 841 1634 934 qnod

222 973 351 1048 divinis
375 967 574 1042 ministeriis
594 977 825 1040 consecratur.
849 967 905 1038 Sic
924 967 1014 1039 enim
1036 969 1143 1039 nostri
1162 966 1340 1039 firmantur
1354 967 1433 1058 jura
1458 965 1636 1058 regiminis

220 1098 250 1170 si
276 1097 321 1170 ud
345 1094 484 1168 laudem
504 1101 539 1165 et
563 1091 708 1186 gloriam
730 1091 842 1164 divini
865 1091 1014 1163 nominis
1033 1102 1148 1164 nostra
1173 1090 1313 1163 devotio
1332 1090 1513 1163 dedicatur
1533 1098 1567 1160 et
1588 1087 1635 1162 ad

221 1223 352 1293 cultum
381 1219 491 1292 eterni
518 1216 671 1288 numinis
699 1214 827 1288 favoris
853 1215 959 1288 nostri
987 1215 1236 1310 plenitudinem
1262 1214 1480 1287 adhibemus.
1505 1215 1636 1308 Propo-

220 1357 342 1419 nentes
360 1343 466 1438 igitur
483 1343 519 1412 in
535 1342 611 1433 ejus
634 1339 773 1412 nomine
789 1360 967 1434 perquem
981 1339 1154 1427 vivimus,
1173 1359 1358 1434 regnamus
1371 1349 1406 1411 et
1418 1361 1555 1428 snmus,
1576 1359 1634 1410 ee·

222 1469 343 1542 clesias
358 1467 457 1562 regni
469 1465 577 1539 nostri
587 1485 656 1536 non
666 1465 777 1535 solum
793 1463 857 1556 [in]
869 1485 934 1535 sno
944 1465 1023 1556 jure
1034 1474 1224 1560 protegere,
1236 1464 1298 1536 sed
1313 1475 1428 1536 nostre
1439 1463 1541 1534 etiam
1557 1485 1634 1532 mu·

222 1593 395 1666 niliocntie
421 1610 565 1663 munere
599 1588 785 1684 ampliare,
819 1587 866 1660 ad
900 1589 1148 1661 incrementum
1179 1589 1372 1682 specialiter
1397 1587 1635 1661 Panormitane

222 1717 367 1790 ecclesie
391 1726 487 1788 tanto
505 1713 644 1806 majoris
669 1711 856 1785 affectionis
875 1711 1029 1784 studium
1053 1715 1246 1784 excitamus
1269 1722 1399 1806 quanto
1419 1733 1495 1784 enm
1520 1723 1635 1786 noster

222 1843 345 1913 oculus
370 1841 522 1912 vicinius
546 1824 795 1932 contemplatur
817 1845 852 1909 ct
876 1836 1085 1909 incrementa
1109 1837 1234 1930 regalis
1256 1836 1490 1909 munificentie
1513 1839 1633 1911 merito
1680 1867 1681 1872 ¹

222 1973 445 2060 promeretur.
463 1963 548 2034 Cum
570 1957 688 2056 itaque
708 1961 815 2033 multa
831 1962 876 2032 sit
891 1961 1095 2055 antiquitate
1113 1959 1237 2033 nobiIIs
1255 1971 1289 2034 et
1311 1962 1442 2034 honore
1463 1972 1497 2034 et
1519 1962 1633 2056 digni·

223 2099 291 2162 tate
310 2088 490 2184 multiplici
507 2086 681 2174 decorata,
701 2085 782 2158 licet
799 2085 960 2158 videatur
975 2087 1082 2158 molta
1097 2087 1335 2180 persecutione
1352 2086 1490 2174 vallata,
1510 2097 1548 2158 ut
1565 2089 1633 2161 eub

222 2221 339 2286 nostro
357 2211 448 2286 lelici
467 2211 635 2304 regimine
651 2221 767 2282 tamon
788 2211 957 2304 respimre
976 2209 1117 2304 incipiat
1133 2220 1168 2282 et
1187 2210 1293 2282 nostri
1315 2209 1473 2284 beneficii
1491 2235 1632 2286 munere

221 2337 398 2434 glorietur,
417 2335 512 2409 illius
533 2337 659 2408 intuitu
677 2336 738 2432 qni
759 2337 899 2432 regibus
927 2335 987 2408 dat
1004 2336 1148 2408 salutem
1173 2345 1207 2408 et
1234 2357 1297 2431 pro
1320 2339 1511 2410 reverentia
1534 2338 1632 2410 beate

221 2470 255 2534 et
275 2461 421 2554 gloriose
439 2461 591 2554 Virginis
613 2461 675 2532 Ilei
699 2461 873 2554 genitricis
892 2461 1015 2550 Murio,
1032 2469 1066 2532 et
1081 2460 1336 2555 progenitorum
1364 2471 1557 2534 nostrorum
1575 2485 1630 2536 se·

221 2593 368 2677 quentes
384 2583 544 2676 vestigia,
564 2605 627 2678 pro
641 2583 794 2656 remedio
812 2583 973 2656 divorum
992 2592 1217 2675 augustorum
1237 2594 1418 2678 parentum
1439 2597 1631 2658 nostrorum

223 2708 386 2780 memorie
399 2707 580 2780 recolende
594 2727 743 2802 quorum
758 2729 899 2804 corpora
909 2709 950 2779 in
967 2709 1040 2803 ipsa
1057 2708 1201 2780 ecelesia
1217 2709 1450 2801 requiescunt,
1463 2708 1508 2782 de
1523 2713 1631 2804 gratia

223 2841 338 2904 nostra
358 2832 541 2904 statuimus
557 2843 592 2904 et
613 2833 782 2927 presentIs
800 2833 971 2928 privilegii
992 2833 1114 2905 robore
1128 2831 1352 2904 concedimus
1368 2831 1481 2905 eidem
1504 2835 1631 2907 Panor-

222 2954 352 3028 mitano
373 2955 516 3028 ecclesie
539 2956 627 3030 duas
654 2977 762 3031 novae
784 2956 978 3052 prebendas
998 2965 1238 3030 sexcentorum
1263 2967 1479 3046 tarenorum,
1500 2981 1631 3032 unam-

222 3101 397 3174 quamque
422 3080 586 3154 videlicet
608 3101 726 3154 earum
745 3080 821 3154 CCC
852 3090 1004 3170 tarenos3
1032 3081 1126 3178 ipsos
1149 3089 1264 3154 autem
1290 3091 1472 3154 sexcentos
1497 3093 1632 3158 tarenos

223 3225 285 3298 pro
308 3203 392 3298 ipsis
419 3204 557 3279 duabus
581 3204 768 3302 prebendis
790 3205 827 3278 in
854 3205 1049 3280 redditibus
1073 3206 1309 3278 tunnariarum
1340 3217 1534 3280 nostrarum
1563 3210 1633 3281 Pa-

223 3329 334 3401 normi
352 3329 453 3402 annis
472 3330 618 3426 singulis
640 3328 772 3403 eisdem
791 3329 930 3404 dnobus
948 3329 1122 3402 canonicis
1147 3331 1388 3426 percipiendos
1411 3331 1635 3408 concedimus

224 3461 258 3526 et
275 3451 474 3543 habendos,
496 3455 650 3528 volentes
672 3465 710 3526 ut
730 3453 798 3548 ipsi
817 3453 887 3527 dno
914 3455 1071 3526 canonici
1097 3477 1177 3526 com
1202 3456 1325 3550 uiginti
1349 3456 1501 3550 antiquis
1525 3479 1634 3532 cano·

225 3577 312 3650 nicis
334 3578 478 3650 ecclesie
507 3579 645 3650 stallum
673 3578 710 3649 in
738 3579 843 3650 choro
861 3578 964 3670 juxta
986 3579 1271 3652 consuetudinem
1298 3581 1408 3674 ipsius
1434 3583 1579 3656 ecclesie
1602 3595 1637 3658 et

225 3723 347 3775 vocem
367 3702 404 3774 in
420 3703 573 3798 capitulo
592 3702 741 3776 habeant
761 3713 796 3774 et
816 3723 895 3774 cum
915 3702 1000 3798 ipsis
1016 3703 1140 3796 viginti
1157 3703 1332 3776 canonicis
1349 3707 1545 3780 communia
1562 3729 1637 3780 sor·

225 3826 369 3917 tiantur,
391 3834 513 3898 ettam
537 3826 573 3896 in
595 3826 860 3898 commutatione
881 3824 1135 3920 prebendarum
1159 3847 1264 3921 quam
1287 3827 1333 3899 de
1352 3830 1514 3902 omnibus
1530 3832 1637 3906 hono·

224 3953 322 4024 ribus
334 3952 477 4024 ecclesio
493 3953 544 4024 eis
561 3952 651 4024 sicut
666 3951 820 4048 antiquis
834 3951 1009 4024 canonicis
1024 3952 1239 4026 consuetudo
1257 3955 1401 4028 ecclesie
1419 3955 1633 4030 observetur.

224 4075 279 4148 Ad
302 4075 407 4166 hujus
424 4075 676 4149 constitutionis
703 4085 738 4148 et
755 4075 986 4148 concessionis
1012 4087 1128 4150 nostre
1154 4078 1353 4150 memoriam
1380 4087 1414 4150 et
1440 4079 1640 4154 inviolabile

223 4197 498 4291 firmamentum,
518 4221 659 4296 presens
677 4199 898 4296 privilegium
920 4221 982 4294 por
1004 4221 1128 4272 manus
1153 4202 1296 4274 Alduini
1319 4202 1442 4275 notarii
1466 4212 1500 4274 ct
1524 4203 1639 4276 fidelis

224 4322 331 4394 nostri
349 4322 453 4395 scribi
467 4332 501 4396 et
518 4333 634 4396 nostre
651 4324 838 4417 majestatis
850 4325 965 4418 sigillo
980 4325 1148 4416 jussimus
1165 4327 1338 4418 insigniri,
1353 4347 1457 4418 anno,
1469 4349 1585 4401 mense
1601 4341 1636 4402 et

225 4446 414 4519 indictione
431 4449 647 4544 subscriptis.

275 4573 359 4644 Data
374 4571 410 4642 in
423 4573 508 4645 urbe
524 4574 617 4646 felici
633 4575 805 4664 Panormi,
817 4596 907 4648 anno
925 4575 1096 4648 dominice
1110 4576 1354 4648 incarnationis
1371 4575 1501 4668 MCCX,
1519 4599 1636 4652 mense

227 4696 430 4789 decembris,
451 4698 527 4772 XIV
545 4697 755 4793 indictionis,
772 4700 870 4794 regni
888 4722 971 4773 vero
990 4701 1121 4774 domini
1142 4701 1247 4773 nostri
1265 4700 1426 4774 Iriderici
1446 4703 1507 4774 Ilei
1525 4705 1635 4795 gratia
