4334 5980
235 526 332 587 lactor.
350 525 392 602 1.]
429 517 432 522 ’
688 523 885 585 HISTORIA
910 523 1199 586 ulahollmlch
1586 523 1647 587 233

236 681 383 755 persone
397 659 597 734 discrimine
609 660 832 762 personaliter
847 661 1034 748 veniendo,
1050 683 1114 756 pro
1129 659 1281 734 remedio
1295 681 1436 756 quoqne
1452 660 1653 734 animarum

236 795 418 882 parentum
442 793 636 857 nostrornm
651 785 803 856 lelicinm
818 795 1045 880 augustorum
1060 786 1150 858 buno
1164 785 1329 858 memorie
1342 795 1377 858 et
1390 787 1501 860 salute
1513 797 1642 878 nostra,

236 910 282 984 ad
304 910 590 1004 supplicationem
619 908 729 1004 ipsius
751 910 892 984 Berardi
918 908 1064 1006 predicti
1091 909 1340 1006 archiepiscopi
1363 907 1587 984 concedimus
1607 921 1648 984 et

236 1033 479 1108 confirmamus
497 1033 564 1129 ipsi
580 1042 615 1107 et
639 1043 755 1106 sancte
770 1032 910 1107 Berensi
926 1033 1072 1107 ecclesie
1090 1055 1153 1106 soc
1169 1033 1205 1104 in
1224 1045 1429 1130 perpetuum
1448 1035 1643 1126 Bitrictum,

235 1157 465 1251 hlednnenm,
486 1157 606 1232 canalo
624 1158 659 1230 in
676 1167 764 1230 terra
781 1156 829 1254 (c)
850 1159 928 1230 Bari
952 1157 1049 1252 qnod
1065 1167 1117 1230 est
1142 1159 1208 1230 snb
1226 1159 1342 1231 Monte
1362 1159 1560 1251 Joannatio,
1582 1159 1646 1232 La·

236 1280 431 1377 tertiamll)
445 1303 551 1376 quam
564 1282 674 1354 tenuit
684 1291 719 1356 et
729 1282 820 1354 sicut
834 1282 944 1356 tenuit
955 1282 1143 1355 Riccardns
1157 1281 1365 1376 Logotheta,
1388 1304 1469 1354 cum
1485 1283 1645 1355 omnibns

233 1406 336 1500 justis
356 1406 550 1480 tenimentis
568 1417 603 1479 et
618 1406 833 1502 pertinentiis
846 1427 978 1480 eorum.
998 1405 1246 1481 Confirmamus
1263 1407 1367 1480 etiam
1382 1406 1495 1481 cidem
1512 1405 1645 1480 archie-

236 1530 378 1628 piscopo
390 1541 425 1604 ot
437 1530 590 1626 predicte
598 1531 742 1605 ecclesie
750 1553 813 1604 sue
822 1541 946 1606 terram
956 1553 1059 1628 quam
1071 1531 1103 1605 ei
1112 1541 1147 1604 et
1159 1531 1235 1624 ejus
1248 1531 1391 1604 ecclesie
1395 1534 1496 1626 juxta
1507 1553 1645 1604 murum

236 1665 357 1752 portus
373 1665 407 1729 et
423 1655 580 1750 undique
604 1656 694 1728 circa
712 1678 851 1728 murum
868 1667 904 1730 et
925 1678 1085 1752 campum
1107 1655 1143 1727 in
1162 1676 1233 1750 quo
1256 1656 1462 1728 frumentum
1482 1655 1646 1729 venditur

237 1781 333 1878 apud
350 1783 475 1854 Barnm
493 1778 539 1854 ad
561 1780 737 1854 faciendas
754 1783 938 1878 apothecas
957 1779 1207 1871 concessimus,
1234 1779 1539 1852 nonobstantibus
1563 1803 1643 1852 con·

237 1907 449 1980 cessionibus
466 1915 501 1979 et
520 1904 640 1994 donis,
660 1905 690 1978 si
713 1929 784 2000 qua
803 1906 848 1979 de
871 1905 1034 2002 predictis
1055 1905 1216 1978 omnibns
1240 1915 1358 1977 contra
1381 1905 1471 1978 hanc
1493 1915 1642 1978 nostram

237 2030 503 2121 consessionem,
522 2027 814 2104 confirmationem
829 2039 864 2102 et
877 2029 1295 2126 privilegiaapparebnnt.
1307 2031 1499 2103 Statnentes
1514 2041 1552 2102 nt
1565 2031 1644 2126 qui·

237 2175 400 2248 cumque,
416 2175 564 2250 persona
577 2175 704 2246 magna
720 2154 776 2227 vel
794 2175 915 2250 parva,
935 2153 1026 2225 hanc
1044 2161 1193 2226 nostram
1206 2153 1461 2226 concessionem
1475 2164 1510 2226 et
1524 2155 1645 2226 conir-

237 2279 421 2351 mationem
446 2278 575 2351 violare
601 2279 657 2350 vel
681 2279 785 2352 modo
812 2277 967 2372 quolibet
991 2287 1193 2374 attemptare
1218 2278 1481 2390 presumpserit,
1507 2287 1644 2350 centnm

236 2401 342 2474 libras
354 2403 430 2475 anri
438 2412 633 2499 componat,
649 2423 798 2496 quarum
811 2423 883 2474 una
897 2401 1157 2475 medietasfisoo
1167 2401 1348 2497 imperiali,
1365 2401 1468 2473 altera
1483 2401 1643 2493 injuriam

237 2527 347 2624 passis
369 2529 595 2622 persolvatur.
617 2527 661 2600 Ut
684 2527 789 2622 igitur
807 2527 872 2600 hec
897 2525 997 2600 firma
1018 2536 1053 2599 et
1074 2526 1277 2598 inconcussa
1298 2535 1537 2620 permaneant,
1564 2547 1647 2621 pre-

237 2659 370 2724 sentem
388 2651 551 2748 paginam
567 2649 737 2724 conscribi
750 2660 785 2724 et
797 2649 902 2744 sigilli
915 2649 1021 2722 nostri
1035 2649 1259 2746 impressione
1271 2647 1414 2720 fecimus
1426 2651 1643 2722 communiri.

286 2775 397 2867 liujus
421 2775 473 2846 rei
498 2783 601 2847 testes
625 2783 705 2846 sunt
731 2771 905 2845 Addnllus
937 2772 1147 2846 Coloniensis
1172 2772 1469 2868 archiepiscopus,
1498 2774 1646 2847 Silridue
1783 2793 1785 2800 ·

237 2899 462 2992 Mogontinns
488 2899 784 2994 archiepiscopus,
808 2898 978 2971 Districus
1004 2897 1224 2971 Treverensis
1247 2899 1544 2994 archiepiscopus,
1570 2901 1645 2972 Ln-

239 3022 366 3120 poldus
387 3022 641 3096 wormacensis
668 3021 851 3118 episcopus
869 3021 942 3120 (b),
967 3021 1167 3096 Fredericus
1195 3021 1272 3095 dux
1297 3021 1535 3117 lotharingie,
1559 3025 1645 3096 Ber-

237 3145 353 3220 toldns
380 3147 457 3220 dux
486 3146 653 3242 ciringia,
682 3145 889 3243 boddoycns
912 3145 988 3219 dux
1011 3145 1171 3238 Bavarie,
1196 3147 1411 3218 Hermannus
1444 3146 1645 3241 langravius

237 3271 440 3367 Thuringie,
461 3270 631 3344 hohertns
654 3269 699 3344 de
716 3271 786 3368 Say
803 3291 918 3343 comes
936 3271 1104 3362 Loritclli,
1125 3269 1318 3342 Gnalteriue
1335 3267 1476 3343 Gentihs
1498 3293 1645 3366 magnus

238 3395 503 3482 comestabulus,
521 3392 678 3468 Andreas
697 3393 898 3488 logotheta,
919 3403 954 3466 ot
969 3393 1152 3466 Anselmus
1171 3394 1409 3466 marescalcus.

286 3515 1641 3614 SignumdominiFredericillomanorumregis,semperaugnstietregisSicilie.

286 3645 359 3739 Ego
378 3642 555 3717 Conradus
573 3643 754 3738 Spyrcnsis
770 3652 804 3716 et
819 3639 1017 3742 [Metensie]
1037 3643 1237 3738 episcopus,
1258 3641 1444 3738 imperialis
1464 3645 1542 3719 aule
1558 3668 1645 3720 can-

238 3768 412 3857 cellarius,
432 3768 509 3840 vioe
531 3767 649 3840 Silridi
669 3765 715 3864 (c)
732 3766 1005 3864 Moguntinensis
1027 3765 1123 3839 sedis
1143 3765 1393 3864 archiepiscopi
1415 3777 1450 3842 et
1465 3767 1646 3846 Germania

236 3891 540 3986 archicancellarii,
556 3891 754 3986 recognovi.

279 4059 320 4134 (a)
338 4059 375 4119 ln
386 4056 641 4135 impressum,
655 4056 745 4118 mule.

278 4161 318 4242 (h)
338 4165 374 4224 In
387 4165 528 4241 impresso
541 4159 701 4244 hnpccdrrr
719 4161 943 4225 Wormarrrcrrrir
952 4161 1191 4248 mhepecopcn,
1207 4165 1295 4229 male.

278 4271 315 4345 (c)
336 4271 372 4330 ln
384 4271 527 4348 impresso
545 4266 696 4349 Vitrsrirlr',
710 4269 798 4330 male.

274 4561 312 4636 (t)
330 4561 436 4620 Scilicet
447 4561 568 4632 lls'trr'tto,
579 4561 728 4636 Hedonen,
738 4562 840 4623 camb
852 4562 883 4620 dr·
897 4564 981 4624 Gr'or'n
992 4563 1066 4638 quod
1080 4563 1186 4623 astech
1199 4565 1291 4624 Monte
1303 4563 1455 4624 loorrcccrc
1468 4565 1642 4641 (Mourma-

238 4657 320 4732 ηοω)
333 4665 362 4716 ot
374 4658 501 4718 Louna.

318 4759 345 4821 1.
1448 4773 1485 4827 ³0
