4378 5954
242 577 341 639 lumen
360 573 421 652 la]
693 561 892 626 ltlsvoltla
917 555 1210 622 nlvnotlarlclt.
1600 550 1658 612 165

243 711 335 784 rium
362 707 571 794 sublimare,
600 703 690 776 sicut
712 699 815 774 vobis
840 709 876 772 et
891 697 970 771 aliis
990 704 1043 768 est
1063 691 1263 789 plenissime
1284 687 1521 778 manifestum,
1541 686 1658 758 multis

245 831 494 908 insultantibus
512 828 614 902 nobis
631 824 728 921 quod
746 823 869 898 meritc
888 843 930 894 aa
945 819 1108 915 patimur,
1130 837 1210 889 oum
1224 835 1289 887 nos
1302 812 1486 888 fecerimus
1503 809 1658 905 gladium

244 958 384 1051 dequo
407 953 559 1050 graviter
583 951 817 1024 vulneramur.
841 945 911 1019 Sed
937 940 1198 1016 insultatoribus
1220 937 1346 1011 nostris
1372 955 1436 1032 pro
1461 935 1561 1006 nobis
1587 955 1660 1006 res-

245 1081 397 1180 poudeat
431 1077 629 1152 ditissimus
659 1075 721 1170 qui
746 1073 932 1170 puritatem
963 1066 1070 1142 animi
1104 1063 1211 1138 nostri
1243 1064 1345 1160 plene
1373 1061 1567 1172 cognoscit,
1599 1081 1662 1132 neo

245 1207 321 1280 sina
348 1225 454 1278 causa
479 1203 606 1297 legitur
627 1199 673 1274 de
696 1219 735 1272 se
757 1199 833 1293 ipso
857 1193 1050 1268 dixisset«
1070 1185 1622 1262 Penitctmaiacissebominam.
1642 1211 1658 1250 a

247 1329 408 1426 lllndqus
434 1327 539 1402 debet
559 1324 605 1398 ab
627 1323 790 1399 omnibus
810 1319 971 1414 iniquum
996 1326 1032 1390 et
1055 1316 1200 1411 impium
1230 1310 1382 1408 reputari
1412 1309 1508 1405 quod
1535 1307 1581 1381 ad
1604 1329 1664 1382 oc-

248 1453 449 1551 cupandum
473 1471 620 1545 regnum
643 1448 763 1521 Sicilia·
779 1465 904 1518 manus
927 1439 1086 1517 extendit
1106 1437 1159 1535 (l)
1182 1437 1321 1534 quoda
1343 1434 1444 1508 nobis
1467 1433 1664 1506 carissimus

243 1580 285 1653 iu
313 1577 446 1652 Christo
470 1575 563 1648 lilius
593 1583 723 1664 noster,
747 1591 811 1644 rex
838 1566 1033 1642 Friderious
1059 1563 1220 1654 illustris,
1241 1561 1418 1657 orphanus
1447 1567 1482 1632 et
1509 1557 1664 1653 pupillus

247 1704 380 1778 obtinet
413 1723 461 1776 ex
492 1699 711 1774 successione
747 1703 924 1780 materna,
957 1701 1121 1784 tanquam
1158 1687 1225 1758 sibi
1261 1705 1481 1780 nequaquam
1516 1685 1664 1756 sufficiat

248 1825 345 1924 qnod
372 1827 449 1920 ejus
482 1824 727 1922 patrimonium
753 1821 881 1912 injuste
906 1816 1038 1890 detinet
1067 1819 1286 1908 occupatum.
1309 1809 1395 1896 Quis
1422 1831 1505 1904 ergo
1532 1809 1578 1882 de
1605 1831 1663 1882 oe·

249 1961 322 2026 tero
346 1951 413 2025 sibi
438 1949 576 2037 medat,
596 1943 881 2043 quandoquidem
900 1937 1001 2015 uobis
1029 1937 1135 2012 fidem
1164 1957 1235 2010 non
1263 1943 1395 2026 servat,
1416 1933 1477 2028 qui
1502 1933 1580 2009 licet
1603 1934 1662 2005 in-

250 2076 348 2171 digni
373 2075 487 2148 locum
508 2071 632 2146 Christi
649 2081 808 2144 tenemus
831 2068 868 2140 in
892 2065 1011 2154 torris,
1032 2065 1093 2160 qui
1119 2072 1168 2136 tut
1189 2071 1224 2134 ct
1250 2067 1346 2134 tunm
1366 2058 1432 2132 sibi
1454 2059 1662 2132 contulimus

248 2197 440 2274 beneficia?
458 2208 525 2272 eto.
550 2249 559 2268 .
585 2249 594 2268 .
620 2249 628 2266 .

298 2325 424 2398 Datum
441 2321 614 2412 Laterani,
634 2320 678 2393 lv
695 2337 804 2392 nonas
817 2316 944 2406 martii,
960 2334 1052 2388 anno
1069 2312 1169 2386 tertio
1182 2309 1331 2385 decimo.

485 2615 1393 2636 murum-„mmm
1402 2613 1424 2624 υ

304 2897 516 2986 Friderious
531 2925 598 2986 rex
616 2899 778 3004 Siciliae,
796 2899 846 2983 ad
864 2897 1177 3010 supplicationem
1195 2895 1378 2982 Bernardi
1396 2895 1664 3008 archiepiscopi
1744 2984 1756 3014 ε
1809 2984 1836 3026 ⁸,

251 3031 461 3138 Tarentini,
482 3033 517 3118 ei
539 3044 578 3118 et
602 3033 781 3118 ecclesiam
807 3030 891 3142 ejus
916 3031 1113 3141 privilegia
1137 3039 1176 3116 et
1198 3030 1287 3142 jura
1312 3031 1664 3141 praedecessoribus
1741 3037 1781 3070 ⁸¹
1808 3055 1815 3070 ·

251 3163 334 3276 ejus
352 3192 376 3250 a
394 3166 474 3250 suis
490 3165 713 3277 parentibus
730 3163 880 3250 indulta
896 3164 1024 3248 denuo
1041 3163 1213 3249 concedit
1229 3173 1268 3248 et
1284 3162 1498 3248 confirmat.

333 3380 435 3461 (Edld.
447 3381 603 3458 Usamus,
619 3378 684 3443 nat
700 3397 794 3458 mora,
813 3387 837 3442 t.
860 3381 924 3458 lx,
940 3398 969 3460 p.
990 3389 1059 3460 tao,
1072 3381 1172 3442 minua
1185 3396 1255 3442 vero
1268 3380 1419 3456 correcte.)

300 3533 340 3612 ln
367 3540 507 3615 nomine
526 3542 588 3614 Dei
610 3542 720 3616 eterni
743 3551 779 3614 ct
800 3539 989 3614 Salvatcris
1016 3539 1125 3614 nostri
1146 3540 1228 3614 lesu
1250 3537 1386 3612 Christi.
1407 3539 1532 3614 Amen.
1553 3539 1666 3614 Fada-

251 3661 346 3735 ricus
364 3661 485 3738 divina
503 3665 640 3739 laventc
657 3664 840 3739 clementia
856 3685 920 3737 rex
937 3663 1071 3751 Sicilie,
1093 3661 1241 3736 ducatus
1257 3663 1383 3758 Apulis
1400 3673 1435 3737 et
1452 3664 1665 3762 principatus

252 3783 382 3884 Capue.
409 3787 481 3861 Etsi
505 3789 632 3884 regalis
661 3787 890 3862 ecclesiastica
913 3784 989 3882 (sic)
1013 3785 1175 3859 culminis
1197 3785 1360 3860 omnibus
1380 3788 1425 3860 sit
1451 3811 1571 3863 secura
1596 3791 1666 3864 de-

253 3907 365 3984 fensio
381 3932 452 4006 que
469 3913 536 3986 sub
554 3915 630 4007 ejus
647 3922 730 3986 sunt
747 3915 857 4008 posita
874 3911 1022 4005 ditione,
1043 3911 1119 3986 loca
1135 3922 1250 3986 umen
1268 3913 1480 3988 venerabilia
1497 3924 1533 3988 et
1549 3936 1664 3989 sacro-

287 4215 325 4290 (tl
344 4215 409 4274 Otto
430 4215 575 4294 imperator
595 4219 631 4276 ab
651 4219 711 4294 ipso
732 4233 804 4293 papa
823 4218 896 4292 apud
915 4219 1043 4279 Sanctum
1058 4219 1166 4276 Petrum
1185 4227 1328 4278 coronatus
1341 4219 1367 4294 (4
1381 4221 1484 4278 octobr.
1501 4223 1589 4296 ⁴209),
1605 4239 1666 4281 mcx

251 4325 301 4387 per
320 4313 446 4372 Tuscium
465 4320 493 4372 et
510 4315 696 4374 lombardiam
712 4317 775 4390 jura
792 4317 899 4391 imperii
919 4316 1036 4392 superbe
1048 4317 1100 4375 sibi
1112 4317 1276 4375 vendicavit.
1286 4317 1405 4391 lteguum
1418 4334 1482 4376 varo
1498 4319 1601 4377 Siciliae
1612 4336 1665 4379 non

253 4415 315 4468 ante
327 4425 450 4469 mensem
469 4413 642 4471 novembrem
654 4414 716 4470 anni
731 4416 801 4472 tato
812 4414 930 4472 intravit.
943 4416 982 4472 Da
995 4416 1133 4489 proposito
1146 4415 1237 4488 potius
1248 4429 1329 4488 quam
1340 4415 1374 4470 de
1388 4413 1457 4472 iacto
1467 4429 1537 4491 papa
1549 4431 1665 4492 mequo-

252 4505 530 4581 ritur,dum0ttojam
540 4507 635 4567 losdua
643 4510 806 4567 contraxerit
818 4525 881 4568 cnm
894 4511 973 4568 Petro
982 4509 1122 4568 eclanensi
1134 4509 1231 4568 comite
1240 4515 1337 4567 etcum
1346 4510 1565 4585 Dicpuldcquam
1573 4529 1666 4575 meuse

252 4599 388 4694 februario
402 4604 480 4664 titulo
491 4607 568 4666 ducis
581 4606 715 4681 Spoletani
730 4607 758 4664 in
777 4607 925 4682 privilegiis
938 4609 1108 4684 imperatoris
1119 4609 1274 4667 decoratum
1291 4608 1449 4667 invenimus.
1461 4608 1504 4667 Gi.
1516 4611 1665 4686 Buranun,

253 4699 358 4776 oper.
374 4701 495 4776 mono,
510 4721 539 4779 p.
555 4709 601 4778 nt,
614 4707 651 4762 a·
665 4709 717 4763 tos
733 4711 760 4763 et
774 4709 835 4764 roa.
