4334 5980
217 553 315 614 boner.
335 551 396 628 le]
672 549 870 612 HISTORIA
894 545 1186 612 olrnollllulce.
1574 541 1635 602 205

217 688 332 761 centia
346 706 496 783 pensans
506 685 631 759 merita
647 694 683 760 et
695 696 776 760 vota
791 685 1015 760 considerans
1029 683 1275 776 subjectorum,
1288 701 1347 752 cos
1362 679 1524 775 precipue
1538 679 1633 774 larga

219 811 434 906 benignitate
452 819 651 885 remunerat
670 811 801 906 quibus
820 810 867 886 ad
889 811 1050 885 moritum
1069 807 1157 881 fides
1175 805 1307 900 integra
1325 813 1360 878 et
1381 805 1555 878 fructuosa
1573 804 1634 878 de·

219 936 315 1010 votio
340 935 559 1031 suliragatur.
582 935 671 1008 Hinc
693 934 858 1030 estquod
881 957 945 1008 noe
963 931 1178 1009 attendentes
1201 928 1281 1003 fidei
1300 930 1483 1026 puritatem
1503 939 1538 1002 et
1555 930 1635 1024 plu-

220 1059 308 1134 rima
324 1069 422 1153 grata
442 1057 583 1132 servitia
603 1079 674 1154 que
695 1059 802 1131 Caras
825 1058 1033 1132 venerabilis
1047 1057 1173 1130 Montis
1189 1054 1326 1150 Regalis
1341 1054 1633 1150 archiepiscopus,

221 1185 370 1260 dilectus
390 1183 571 1258 familiaris
597 1193 633 1258 et
658 1182 771 1258 fidelis
789 1193 918 1275 noster,
939 1183 1105 1280 precipue
1131 1181 1220 1252 inter
1243 1187 1374 1252 ceteros
1404 1179 1501 1271 regni
1528 1179 1634 1252 nostri

223 1307 343 1384 lideles
364 1307 535 1400 maiestati
557 1317 673 1382 nostra
694 1329 830 1404 semper
852 1307 1003 1384 deuotus
1020 1305 1183 1382 exhibuit
1197 1313 1233 1378 et
1249 1304 1393 1378 exbibet
1410 1303 1634 1392 incessanter,

221 1453 303 1506 cum
323 1432 433 1506 multa
452 1454 474 1504 a
492 1431 591 1505 nobis
612 1431 888 1506 remuneratione
904 1432 950 1504 sit
971 1431 1099 1526 dignus
1121 1439 1156 1504 et
1180 1429 1212 1502 ei
1236 1427 1284 1501 ad
1306 1427 1537 1502 retributionis
1560 1451 1637 1504 me-

223 1555 289 1630 rita
313 1565 509 1646 teneamur,
529 1555 754 1630 concedimus
779 1555 812 1628 ei
834 1565 870 1629 et
894 1556 1038 1630 ecclesie
1060 1577 1124 1628 sue
1145 1554 1272 1626 blontis
1293 1553 1430 1648 llagalis
1452 1553 1488 1626 in
1510 1575 1636 1650 perpe-

224 1688 324 1750 tuum
345 1688 385 1751 ut
407 1699 528 1754 omnes
546 1679 609 1776 qni
630 1678 862 1776 possessiones
880 1679 937 1752 vel
958 1679 1113 1775 quelibet
1129 1677 1196 1751 alia
1212 1677 1398 1751 lenimenta
1416 1678 1458 1750 in'
1469 1679 1636 1751 territorio

224 1802 350 1876 Montis
366 1803 503 1898 Regalis
520 1813 656 1894 tenent,
675 1800 924 1899 undecumque
941 1801 1023 1896 sint,
1034 1800 1119 1876 sive
1136 1801 1171 1873 in
1191 1801 1331 1875 civitate
1345 1811 1459 1875 nostra
1476 1803 1634 1876 Panormi

223 1925 380 2000 habitent
404 1927 479 2002 sive
496 1927 597 2018 alibi,
614 1928 734 2020 jurant
750 1927 784 2000 ei
808 1925 1009 2003 fidelitatem
1030 1935 1065 2000 et
1086 1924 1132 2000 de
1151 1925 1427 2022 possessionibus
1454 1926 1528 2000 suis
1548 1949 1635 2023 quas

224 2050 260 2122 in
273 2051 442 2125 territorio
452 2051 579 2126 blontis
589 2051 727 2147 Regalis
743 2060 859 2125 tenent
870 2061 940 2126 laun
957 2051 994 2124 in
1013 2049 1158 2124 decimis
1171 2072 1277 2144 qnam
1290 2050 1367 2122 aliis
1379 2049 1534 2142 justitiis,
1546 2051 1635 2124 sicut

224 2174 413 2269 burgenses
429 2177 490 2272 qui
513 2176 609 2272 apud
624 2177 776 2250 blontem
794 2177 953 2270 Regalem
972 2183 1113 2248 manent
1130 2175 1280 2262 iaciunt,
1300 2175 1346 2248 de
1361 2184 1475 2249 cataro
1491 2177 1634 2250 ecclesie

225 2299 350 2372 biantis
369 2301 506 2396 Regalis
523 2300 757 2398 respondeant
776 2313 812 2375 et
834 2299 1027 2376 intendant.
1049 2301 1206 2374 Preterea
1221 2321 1243 2372 a
1261 2321 1356 2374 mera
1373 2309 1489 2374 nostre
1507 2302 1637 2394 majes-

223 2424 306 2496 tnlis
334 2424 444 2519 gratia
475 2425 700 2500 concedimus
723 2425 838 2499 eidem
866 2423 1125 2521 archiepiscopo
1152 2422 1247 2497 lideli
1275 2433 1392 2496 nostro
1419 2434 1455 2498 et
1476 2427 1638 2502 omnibus

226 2549 457 2642 burgensibus
479 2550 553 2624 suis
577 2549 704 2624 blontie
726 2549 861 2644 llegnlie
884 2549 921 2621 in
944 2559 1149 2646 perpetuum
1172 2547 1361 2644 plenariam
1386 2547 1576 2624 libertatern
1602 2553 1635 2624 in

225 2670 365 2743 civitate
383 2672 541 2746 Panormi
570 2683 640 2746 mm
669 2673 706 2746 iu
731 2671 839 2768 portis
862 2693 969 2768 quarn
991 2671 1029 2743 in
1054 2669 1199 2762 duania,
1218 2671 1378 2746 intrando
1402 2683 1437 2745 et
1458 2675 1634 2765 exeundo,

226 2795 411 2872 vendendo
433 2805 469 2870 at
489 2796 654 2886 emendo,
675 2795 840 2871 videlicet
861 2805 901 2870 ut
919 2797 966 2870 ab
987 2795 1111 2870 eodem
1130 2794 1390 2892 archiepiscopo
1408 2807 1442 2869 et
1459 2800 1536 2892 eJus
1553 2800 1635 2872 bur·

225 2921 391 3016 geusibus
417 2921 550 2994 nullum
576 2921 636 3014 jus
660 2922 718 2996 vel
744 2920 878 2996 datium
906 2920 1079 3016 exigatur.
1108 2917 1336 2994 Concedimns
1359 2921 1501 3018 insuper
1523 2924 1637 3000 eidem

225 3043 486 3141 archiepiscopo
508 3055 545 3120 at
568 3043 714 3120 ecclesie
738 3066 802 3118 ene
825 3044 863 3117 in
884 3053 1091 3150 perpetuum
1113 3043 1243 3118 habere
1264 3043 1379 3118 curias
1403 3059 1578 3122 onustam
1601 3050 1636 3122 in

227 3167 420 3241 Panhormo
436 3189 542 3262 quam
560 3189 621 3264 per
640 3177 751 3242 totum
772 3189 919 3263 regnum
938 3176 1093 3240 nostrum
1116 3167 1163 3242 de
1176 3169 1338 3242 omnibus
1356 3169 1556 3246 bominibus
1575 3175 1636 3270 qui

226 3291 459 3386 possessiones
478 3302 596 3367 lenem
612 3291 649 3364 in
666 3291 835 3366 territorio
850 3291 977 3365 lllontis
993 3291 1143 3386 llegulis,
1163 3292 1376 3389 ubicumque
1393 3294 1552 3370 homines
1572 3297 1635 3394 ipsi

227 3415 472 3507 habitaverint,
490 3425 531 3490 ut
546 3417 665 3490 nullus
678 3415 724 3488 ait
740 3437 847 3488 ausus
867 3415 1007 3490 eosdem
1026 3414 1183 3490 homines
1205 3439 1227 3490 a
1250 3417 1324 3491 loro
1345 3418 1490 3495 ecclesie
1513 3422 1637 3495 lllontis

227 3541 365 3634 Regalis
383 3540 586 3615 traberevel
604 3542 682 3634 ejus
695 3540 826 3612 curiam
843 3539 949 3614 modo
964 3540 1120 3635 quolibet
1131 3539 1315 3638 impedire.
1332 3540 1389 3617 Ad
1402 3544 1508 3638 bujus
1524 3557 1638 3624 autem

228 3671 343 3736 nostre
363 3664 593 3738 concessionis
609 3662 811 3737 memoriam
827 3672 862 3737 et
878 3663 985 3736 robur
1000 3671 1169 3759 perpctno
1187 3665 1388 3759 valiturum,
1408 3689 1550 3764 presens
1565 3673 1642 3768 pri-

228 3787 395 3882 vilegium
417 3811 478 3886 per
500 3811 626 3863 manus
643 3787 773 3862 Nicolai
791 3786 838 3862 dc
854 3787 1001 3862 Petralia
1020 3789 1144 3862 notarii
1163 3798 1198 3862 et
1216 3789 1330 3864 fidelis
1353 3795 1461 3866 nostri
1482 3797 1588 3870 scribi
1608 3810 1642 3872 et

230 3911 419 4003 majestatis
441 3922 556 3987 nosue
576 3913 690 4009 sigillo
713 3912 933 4010 precepimus
957 3914 1179 4008 communiri,
1202 3936 1312 4008 anuo,
1333 3939 1452 3992 mense
1471 3929 1507 3994 et
1526 3920 1643 3996 indic·

229 4033 322 4108 tione
338 4036 554 4134 subscriptis.

278 4161 365 4234 Data
381 4160 418 4232 in
439 4161 579 4236 civitate
600 4162 775 4254 blessane,
801 4183 893 4236 anno
912 4162 1348 4238 dominiceincamationis
1370 4164 1550 4242 millesimo
1574 4169 1642 4244 du-

228 4283 416 4358 centesimo
433 4282 570 4359 decimo
587 4284 760 4372 secundo,
781 4307 899 4360 mense
921 4287 1102 4376 februarii,
1125 4285 1260 4360 decime
1284 4287 1405 4382 quinta
1428 4287 1639 4383 indictionis,

231 4409 329 4502 regni
344 4426 428 4483 vero
441 4408 574 4484 domiui
595 4409 702 4484 nostri
722 4409 887 4484 Friderici
904 4412 967 4484 Ilei
991 4412 1102 4505 gratia
1120 4409 1292 4505 magnifici
1309 4411 1401 4506 ragis
1417 4411 1551 4506 Sicilie,
1573 4413 1640 4490 du·

231 4541 330 4606 catus
350 4531 475 4630 Apulia
489 4569 491 4574 ·
503 4545 539 4609 et
566 4535 779 4632 principatus
809 4534 943 4632 Capua,
965 4536 1001 4608 in
1017 4537 1248 4610 Romanorum
1264 4535 1504 4632 imperatorem
1520 4540 1638 4630 electi,

230 4677 323 4730 anno
335 4657 607 4754 quartodecimo,
624 4659 780 4736 feliciter.
799 4659 924 4734 Amen.
