4334 5980
550 515 611 581 246
1049 516 1263 580 ruthenici
1287 519 1462 580 suetinsi
1774 519 1856 598 [bill.
1874 519 1959 582 istu

550 671 644 747 perc,
655 648 836 722 Heinricus
849 649 1058 722 marscalcus
1071 650 1117 725 de
1134 623 1317 745 i'ellindin]
1327 653 1538 728 Wernberus
1548 651 1684 750 dapifer
1695 651 1741 728 de
1754 654 1958 748 Boniendiu,

550 771 745 846 Weltberus
762 775 926 870 pincerna
945 773 991 848 dc
1007 774 1184 871 Schippis,
1205 776 1364 851 Volricns
1381 777 1591 850 camerarios
1609 775 1656 850 dc
1671 777 1910 871 btincenbsrc,
1924 787 1960 852 et

548 897 607 968 ulii
622 897 858 993 quamplures.

597 1023 742 1116 Signum
776 1020 908 1094 domini
938 1021 1101 1096 friderici
1123 1023 1285 1118 secundi,
1305 1025 1537 1100 Romanorum
1568 1025 1659 1119 regis
1687 1025 1901 1100 invictissimi
1926 1035 1962 1099 et

548 1147 640 1242 regis
653 1146 768 1218 Sicilie
782 1144 1077 1244 (Monoprcmmo).

446 1349 450 1356 ,
595 1271 670 1364 Ego
691 1269 895 1344 Coonrudus
912 1271 1075 1344 Metensis
1095 1271 1295 1368 episcopus,
1316 1271 1502 1368 imperialis
1521 1272 1602 1344 uulo
1622 1271 1863 1363 concellarius,
1884 1272 1960 1344 vics

548 1394 679 1468 donini
702 1394 821 1468 sireni
843 1371 1037 1488 Magoniiii
1059 1393 1307 1491 cenreprseopr
1332 1403 1368 1470 es
1392 1395 1504 1468 smnus
1529 1393 1709 1468 ermeno
1730 1395 1958 1470 archiscomi-

546 1521 640 1612 iarii,
664 1519 863 1613 recognovi.
896 1553 898 1556 ·
1427 1517 1430 1524 ’

594 1643 682 1716 Actu
702 1653 784 1716 sunt
806 1643 871 1716 bec
896 1664 988 1716 enno
1010 1641 1183 1716 dominico
1208 1641 1453 1716 incurnutionis
1478 1641 1676 1736 iiuuxii,
1702 1643 1891 1718 indictione
1914 1645 1954 1734 1·‚

548 1776 714 1862 regnante
741 1765 882 1840 domino
910 1766 1082 1840 Friderioo
1107 1765 1262 1840 secundo
1289 1768 1520 1841 Romanorum
1544 1789 1628 1860 rege
1653 1769 1803 1862 glorioso
1823 1778 1860 1842 et
1880 1788 1958 1862 rege

549 1891 681 1984 sterio,
701 1912 792 1964 anno
810 1891 908 1986 regni
923 1891 1065 1964 nomini
1084 1891 1161 1983 ejus
1175 1892 1219 1980 10,
1236 1891 1334 1984 regni
1348 1891 1557 1966 verosoine
1571 1892 1659 1966 nu.
1934 1872 1937 1882 “

598 2017 722 2088 [tutum
744 2015 839 2110 apud
860 2015 1098 2110 liutisponom,
1120 2037 1182 2112 per
1200 2037 1323 2088 munus
1346 2015 1519 2090 Borbioldi
1536 2016 1662 2112 regulis
1680 2015 1759 2088 uulc
1777 2015 1958 2111 prothono-

549 2140 645 2234 turii,
661 2141 737 2215 ΧΨ
755 2141 921 2216 kalendas
938 2142 1063 2214 martii.

793 2435 1573 2448 a-——n-—n-n--n--u-a—-a—n-u—-q-ffl———u—-n—t-
1580 2433 1732 2444 su*

350 2739 493 2846 fflfflm
600 2713 833 2820 Fridericus‚
849 2713 1108 2797 Romanorum
1126 2740 1213 2820 rex,
1233 2713 1510 2797 monesterium
1529 2715 1729 2798 Scotorum
1745 2715 1874 2799 Sancti
1889 2715 1957 2798 Je-

356 2824 506 2892 ¹⁶¹tbl¹¹¹¹¹³
548 2847 633 2932 oobi
664 2847 911 2957 Retisponee‚
941 2874 1029 2930 cnm
1057 2847 1214 2932 ecclesio
1241 2849 1369 2932 Sancti
1395 2849 1519 2954 Petri,
1547 2849 1587 2930 in
1614 2848 1845 2932 defensionis
1870 2875 1958 2930 snuc

548 2979 866 3064 mundiburdium
885 2981 1060 3092 suscipit,
1077 3007 1166 3065 oum
1185 2981 1365 3066 omnibus
1377 3007 1511 3066 corum
1523 2981 1847 3092 possessionibus,
1863 3007 1958 3092 quee

548 3115 774 3202 nominatim
787 3114 1051 3226 designentur.

630 3357 719 3438 (soit
738 3361 769 3419 tn
783 3357 894 3430 Hono,
909 3357 1034 3438 Maeoop.
1049 3352 1167 3431 sarco,
1182 3361 1255 3418 tom.
1268 3357 1313 3431 11,
1329 3373 1358 3434 p.
1374 3365 1444 3421 tec.
1460 3389 1500 3404 -
1513 3357 1604 3430 Rrsn,
1622 3355 1690 3419 uoci.
1704 3353 1823 3438 diplom.
1837 3353 1955 3432 liutici..

666 3471 739 3528 tom
759 3467 789 3541 1,
804 3483 836 3544 p.
854 3473 924 3538 soe,
937 3480 1021 3524 num.
1040 3471 1107 3524 822.
1120 3463 1297 3524 -diooonu
1315 3464 1405 3540 Bois,
1423 3471 1498 3526 tom.
1516 3466 1618 3540 XXX,
1633 3481 1662 3542 p.
1679 3473 1746 3540 te,
1760 3481 1846 3525 num.
1860 3463 1955 3544 DCli,

666 3589 705 3635 ox
718 3573 853 3652 originali
871 3571 951 3634 unde
967 3571 1096 3650 sigilium
1110 3573 1235 3633 inomni
1247 3571 1309 3634 iere
1320 3589 1372 3636 cru
1385 3589 1440 3634 sus
1452 3573 1565 3634 imum
1578 3571 1725 3650 appendet
1737 3589 1777 3633 ex
1788 3571 1848 3634 uos
1860 3573 1958 3634 selide

666 3679 768 3754 rubri,
782 3679 887 3740 viridis
897 3683 928 3740 et
940 3681 1080 3756 purpurei
1096 3679 1224 3754 coloris)

596 3893 635 3966 ln
657 3891 799 3978 nomine
820 3900 939 3966 sancte
961 3903 997 3966 et
1017 3891 1201 3968 individue
1220 3892 1405 3968 Trinitatis.
1428 3891 1623 3967 Fridericus
1646 3890 1822 3966 secundus
1840 3889 1959 3964 divino

549 4021 688 4094 iuvenis
706 4017 886 4092 clementie
908 4017 1140 4092 Romanorum
1158 4039 1222 4092 rex
1238 4027 1274 4092 et
1293 4039 1430 4116 semper
1445 4025 1616 4114 augustus
1634 4027 1670 4090 et
1690 4037 1754 4092 rex
1774 4016 1903 4090 Sicilie.
1922 4017 1959 4090 Si

548 4143 632 4217 viris
650 4141 820 4238 religiosis
844 4127 972 4216 luroris
995 4153 1030 4216 et
1049 4141 1285 4216 munificentie
1306 4143 1451 4238 graiium
1473 4141 1764 4238 impenderimus,
1786 4150 1960 4236 temporu-

548 4269 633 4342 iinm
651 4277 686 4342 et
699 4277 895 4342 eternorum
916 4267 1085 4342 bonorum
1104 4267 1361 4342 retributionem
1376 4266 1612 4341 indubitanter
1623 4274 1872 4340 consecuturos
1883 4285 1959 4338 esse

547 4413 739 4488 speramus.
766 4393 982 4492 Quapropter
1007 4403 1127 4467 notum
1152 4393 1198 4466 sit
1218 4393 1382 4466 omnibus
1404 4391 1528 4466 Christi
1555 4389 1719 4466 fidelibus
1741 4399 1812 4464 turn
1835 4389 1958 4462 tuturis

545 4537 651 4612 quum
670 4519 887 4614 presentibus
904 4517 1053 4614 qualiter
1070 4517 1316 4592 monesterium
1333 4520 1512 4592 Scotorum
1528 4516 1712 4612 llutispone
1727 4524 1810 4591 unic
1826 4523 1957 4612 portum

545 4643 796 4720 occidentalem
824 4653 1059 4720 constructum
1076 4665 1222 4720 necnon
1251 4655 1288 4718 et
1313 4643 1494 4718 ecclesium
1517 4645 1554 4718 in
1579 4643 1699 4718 Wibin
1722 4642 1839 4718 Scncti
1868 4641 1956 4718 Petri
