4334 5980
237 589 335 650 lauru.
352 581 413 667 ln']
681 582 876 645 HISTORIA
900 581 1192 647 prenuntiatus.
1581 585 1642 648 903

236 737 306 798 tam
328 719 444 798 vestro
466 742 572 817 quam
595 739 833 794 successorum
852 727 1044 793 restromm
1064 717 1217 816 ternpore
1241 721 1644 818 perpetuumobtiueaut

238 851 452 940 firmitatem,
471 856 596 921 etueo
620 845 744 919 nostris
763 866 830 920 nec
853 843 1020 919 heredum
1045 857 1237 919 nostrorum
1263 845 1476 942 temporibus
1496 845 1644 939 alicujus

239 976 376 1047 valeam
397 969 655 1069 presumptione
677 968 828 1058 turbari,
853 971 993 1066 presens
1017 969 1236 1066 privilegium
1260 993 1323 1067 per
1345 963 1470 1044 manus
1494 959 1645 1045 Boniboss

241 1097 403 1171 miniada
419 1095 538 1170 Guieta
552 1095 678 1168 notarii
695 1103 731 1168 et
744 1093 857 1168 tidelis
870 1095 976 1168 nostri
990 1094 1095 1167 scribi
1109 1104 1145 1168 et
1158 1096 1252 1168 bulla
1266 1116 1370 1169 aurea
1383 1096 1518 1192 typario
1530 1085 1646 1170 nostre

241 1221 427 1316 majestatis
448 1221 614 1318 impreoea
636 1219 853 1316 precepimus
877 1218 1102 1310 eommuniri,
1122 1225 1232 1312 enno,
1260 1241 1378 1294 mense
1402 1228 1438 1292 et
1458 1207 1646 1295 indictione

241 1346 455 1444 subscriptis.
1037 1341 1040 1348 ’
1106 1325 1110 1336 ’
1453 1365 1456 1374 ·
1639 1357 1640 1362 ¹

291 1475 415 1545 Datum
434 1469 471 1544 in
491 1469 632 1544 civitate
654 1469 828 1560 Messana,
848 1489 940 1542 anuo
965 1468 1136 1542 dominice
1156 1467 1401 1542 incarnationis
1425 1469 1471 1543 Μ.
1491 1467 1553 1544 CC.
1578 1469 1644 1559 Xl,

242 1618 360 1672 mense
375 1595 553 1685 retranit,
568 1589 762 1669 'indictione
777 1595 853 1687 XV,
869 1595 966 1690 regni
980 1591 1104 1693 [nosci
1120 1591 1230 1692 auno]
1247 1595 1337 1668 xlv.
1412 1581 1416 1592 ’

301 2130 512 2270 Fridericua
533 2210 600 2268 rex
618 2185 787 2292 Siciliae,
803 2211 853 2270 ne
869 2186 950 2270 ulla
967 2187 1016 2269 de
1032 2195 1179 2270 enatem
1195 2185 1295 2270 inter
1314 2212 1355 2270 se
1372 2195 1409 2271 et
1425 2175 1568 2297 papum
1583 2213 1655 2270 su·
1712 2217 1728 2250 ι
1766 2205 1811 2247 vu
1838 2287 1845 2311 .

246 2343 312 2426 per
333 2317 580 2402 electionibus
606 2317 842 2401 celebrandis
867 2319 1053 2403 dissensio
1075 2319 1290 2426 suscitetur,
1310 2321 1468 2403 modum
1487 2329 1525 2403 et
1541 2319 1655 2404 ordi·
1718 2323 1772 2358 ⁸¹²

247 2475 335 2534 nem
352 2448 544 2536 electionis
561 2453 601 2533 in
620 2460 815 2561 posterum
833 2451 1027 2536 faciendae
1044 2452 1195 2560 diffinit,
1216 2453 1270 2536 ita
1287 2465 1331 2537 ut
1347 2479 1417 2538 neo
1434 2454 1656 2538 canonicam

247 2580 458 2668 libertatem
476 2611 547 2668 neo
564 2585 788 2695 dignitatem
806 2585 951 2696 Qum
970 2585 1109 2669 laedat.

328 2799 459 2872 (Edlder.
479 2800 655 2874 Buranun„
670 2795 782 2862 dunel.
796 2797 961 2876 achabet,
979 2801 1019 2862 ad
1035 2819 1107 2864 auu.
1127 2811 1216 2876 1²11,
1231 2799 1255 2886 S
1270 2803 1309 2864 V.
1324 2835 1366 2848 --
1383 2804 1530 2876 bzovius,
1544 2801 1656 2865 Armi.

284 2977 287 2983 ¹
312 2959 316 2968 .
367 2903 533 2980 coeluinrt„
549 2913 572 2968 t.
589 2907 674 2980 XIII,
684 2924 716 2984 p.
735 2917 846 2970 tos.-
853 2908 966 2982 Lumo,
980 2905 1055 2988 dod·
1065 2905 1131 2970 Ital
1147 2907 1276 2990 diplom,
1291 2917 1313 2972 t.
1329 2911 1370 2984 11,
1381 2926 1410 2986 p.
1425 2909 1656 2984 aee-Gauro,

370 3009 440 3074 Cod.
452 3009 546 3074 coela.
557 3009 663 3088 Stolo,
677 3013 726 3074 lib
743 3013 788 3090 ll,
803 3032 834 3092 p.
852 3021 901 3075 Π.
917 3013 962 3076 Gi.
980 3032 1070 3092 supra
1083 3016 1197 3094 epistol.
1209 3017 1375 3108 iunocentii
1388 3017 1444 3091 111,
1456 3034 1487 3094 p.
1504 3025 1539 3078 19
1549 3023 1580 3078 at
1593 3015 1657 3097 ²0.)

298 3198 336 3271 lu
360 3201 587 3282 nomineDei
608 3202 716 3276 eterni
738 3211 772 3275 et
796 3201 981 3276 Salvatoris
1000 3205 1108 3276 nostri
1133 3205 1215 3278 lesu
1238 3203 1374 3278 Christi.
1400 3205 1526 3280 Amen.
1551 3207 1659 3280 liere-

250 3323 454 3398 rendissimo
476 3326 563 3421 patri
585 3335 622 3399 et
643 3325 784 3400 domino
802 3323 1004 3401 charissimo
1022 3328 1219 3402 innocentio
1235 3329 1298 3402 Dei
1318 3329 1427 3424 gratia
1450 3339 1568 3404 sancte
1589 3331 1658 3404 lio·

251 3467 351 3520 mane
365 3447 516 3521 Ecclesie
534 3469 670 3522 summo
688 3447 860 3544 pontifici,
876 3449 1148 3543 FridericusDei
1163 3452 1272 3546 gratia
1286 3474 1347 3526 rex
1363 3453 1499 3550 Sicilia„
1510 3453 1659 3529 ducatus

250 3555 374 3664 Apulia
391 3581 426 3644 et
442 3573 656 3668 principatus
679 3574 808 3669 Capue.
827 3575 879 3647 Ne
896 3575 966 3648 ulle
984 3575 1029 3648 de
1053 3584 1166 3648 cetero
1188 3576 1278 3649 inter
1300 3597 1363 3648 nos
1385 3587 1420 3649 et
1443 3599 1659 3653 successores

250 3705 382 3802 vestros
408 3705 443 3769 et
468 3719 531 3778 nos
556 3699 612 3771 vel
627 3697 797 3788 ,heredes
814 3707 948 3773 nostros
968 3723 1079 3796 super
1098 3700 1325 3776 electionibus
1348 3703 1563 3776 celebrandis
1587 3705 1659 3778 dis·

250 3817 363 3891 sensio
381 3817 576 3914 suscitetur,
596 3817 666 3916 qua
683 3845 932 3919 nonnunquam
954 3825 1042 3897 inter
1064 3819 1314 3930 Ecclesiamet
1337 3847 1483 3920 regnum
1508 3827 1660 3904 rancoris

250 3949 285 4012 et
303 3925 550 4032 indignationis
573 3927 724 4018 inmitem
750 3947 1007 4038 ministrabant,
1033 3949 1175 4024 modum
1193 3960 1228 4036 et
1250 3949 1405 4040 ordinem
1427 3951 1603 4024 electionis
1621 3953 1657 4025 in

251 4072 424 4172 posterum
438 4067 596 4142 iacienda
614 4071 832 4166 presentibus
845 4072 965 4166 litteris
978 4075 1177 4166 curavimus
1196 4075 1388 4171 explicare3
1410 4075 1591 4170 inquibus
1607 4075 1658 4148 sic

252 4181 415 4263 canonice
440 4191 588 4266 libertati
611 4192 798 4268 deferimus
815 4203 856 4268 ut
878 4195 1079 4290 dignitatem
1102 4199 1232 4292 regiam
1250 4219 1319 4299 nou
1339 4197 1508 4280 ledamus.
1532 4199 1657 4270 Sancta

252 4309 345 4402 Sede
362 4323 525 4408 vacante,
554 4318 742 4412 capitulum
768 4318 975 4416 significabit
999 4321 1097 4394 uobis
1119 4331 1153 4394 et
1174 4321 1360 4396 heredibus
1372 4305 1504 4406 ‚nostris
1525 4321 1655 4395 obitum

253 4431 453 4510 decessoris.
465 4439 597 4514 Deinde
609 4425 859 4516 'convenientes
873 4443 910 4515 in
925 4467 1047 4537 unum,
1062 4445 1221 4518 invocata
1240 4447 1386 4546 Spiritus
1402 4427 1654 4542 Sanctigratia,

252 4558 444 4633 secundnm
468 4563 579 4636 Deum
605 4565 734 4660 eligent
756 4541 1123 4662 canonicepersonam
1148 4567 1307 4642 idoneam
1330 4569 1387 4642 oui
1411 4569 1614 4666 requisitum
1637 4595 1659 4646 a

252 4683 352 4756 nobis
375 4685 519 4780 prebere
544 4688 734 4764 debeamus
761 4714 960 4784 assensum,
980 4704 1014 4766 et
1031 4692 1232 4768 electionem
1251 4694 1373 4767 factam
1401 4715 1471 4768 non
1499 4693 1658 4771 different
