4378 5954
241 620 340 681 lenter.
355 615 399 700 5.]
689 609 888 672 lltstoltla
911 607 1205 672 otrtomatlca
1613 609 1653 669 8¹1

241 751 388 826 marsaio
409 746 660 846 presumpserit
678 746 865 838 contraire,
883 745 1156 839 indignationem
1174 754 1288 820 nostre
1305 743 1520 819 celsitudinis
1536 765 1574 817 sa
1587 765 1655 818 no·

240 877 331 950 verit
347 875 581 947 incursurum.
600 869 658 944 Ad
682 869 788 964 hujus
816 877 933 944 antem
957 880 1073 945 nostre
1092 871 1322 946 concessionis
1337 879 1373 944 et
1388 867 1656 944 confirmationis

241 999 441 1074 memoriam
460 1005 495 1070 et
508 996 615 1069 robur
637 995 674 1066 in
688 1003 864 1090 posterum
878 995 1089 1088 valiturum,
1107 1017 1249 1092 presens
1261 993 1484 1092 privilegium
1501 993 1605 1067 scribi
1621 1001 1656 1066 et

242 1131 357 1194 nostra
376 1120 565 1213 maJastatis
586 1117 698 1209 sigillo
716 1117 885 1210 iussimus
907 1118 1128 1212 communiri,
1148 1139 1253 1211 anno,
1272 1139 1391 1192 manse
1414 1125 1449 1191 et
1469 1115 1657 1190 indictione

240 1242 456 1338 subscriptis.

288 1369 377 1440 Data
405 1367 442 1437 iu
469 1365 556 1438 urbe
579 1363 672 1436 felici
694 1364 870 1458 Panormi,
896 1387 988 1438 anno
1013 1366 1185 1440 dominice
1209 1363 1455 1439 incarnationis
1474 1363 1656 1437 millesimo

242 1491 480 1566 ducentesimo
499 1491 629 1586 primo,
651 1511 771 1562 meuse
791 1489 972 1584 februarii,
993 1491 1114 1586 quinte
1137 1491 1352 1584 indictionis,
1370 1489 1468 1584 regni
1485 1510 1569 1562 vero
1594 1487 1657 1562 do-

242 1615 328 1689 mini
344 1615 451 1688 nostri
469 1613 642 1687 Frederici
659 1613 869 1686 serenissimi
891 1615 983 1711 regis
1008 1617 1141 1708 Sicilie,
1158 1615 1306 1691 ducatus
1329 1611 1456 1712 Apulia
1470 1622 1506 1688 et
1528 1612 1657 1711 princi·

242 1748 345 1836 patus
358 1739 488 1836 Capua,
509 1759 601 1812 anno
616 1747 754 1832 quarto,
768 1737 925 1812 feliciter.
939 1738 1064 1814 Am0n.

298 2337 539 2422 innocentius
560 2363 661 2448 papa
678 2337 874 2450 magistris
891 2337 1110 2421 camerariis
1128 2335 1289 2447 Apuliae
1306 2345 1343 2421 et
1364 2347 1486 2423 terrae
1502 2339 1660 2426 Laboris
1776 2418 1787 2450 ,

241 2472 401 2554 mandat
418 2479 462 2554 ut
478 2471 739 2555 concessiones
758 2497 782 2554 a
801 2471 992 2555 Goellerio
1007 2472 1056 2555 de
1068 2471 1202 2555 Palear
1219 2472 1259 2553 in
1273 2471 1548 2583 praejudicium
1563 2477 1658 2586 regii

241 2605 410 2689 thesauri
427 2605 547 2688 lactas
565 2605 616 2688 ad
633 2605 743 2715 regni
756 2605 971 2689 dominium
988 2615 1176 2689 reuocent.

325 2819 424 2900 (Edld.
438 2821 629 2894 morona,
640 2820 740 2882 lance.
755 2819 805 2882 111
812 2815 937 2900 epistol,
951 2825 976 2882 t.
991 2821 1022 2894 l,
1035 2837 1067 2898 p.
1084 2829 1135 2894 81,
1150 2817 1291 2899 n·llX1.l

291 3009 529 3100 Innocentius,
545 3015 612 3082 etc.
626 3005 668 3080 G.
686 3005 737 3104 (a)
750 3007 846 3108 tratri
862 3007 984 3082 militie
999 3007 1118 3104 templi
1133 3006 1293 3082 familiari
1315 3028 1380 3082 sno
1402 3017 1437 3082 et
1461 3009 1568 3084 nobili
1584 3011 1660 3088 viro

242 3133 400 3227 Eugenio
403 3185 532 3206 .....
552 3132 600 3230 (b)
613 3131 659 3206 de
673 3133 842 3226 Potentia,
861 3133 1036 3228 magistris
1050 3131 1246 3205 camerariis
1256 3131 1382 3227 Apulia
1398 3141 1432 3206 et
1450 3142 1539 3208 terre
1554 3137 1661 3210 Labo-

241 3255 290 3329 ris
314 3267 349 3330 et
371 3256 517 3330 ducatus
542 3255 745 3354 Amalpbie,
772 3267 838 3330 etc.
862 3255 918 3330 Ad
941 3265 1091 3330 nostram
1115 3256 1280 3329 noveritis
1298 3255 1510 3332 audientiam
1536 3281 1660 3356 perve-

241 3381 335 3454 nisse
350 3379 447 3475 quod
464 3381 522 3452 W.
541 3379 586 3454 dc
603 3381 724 3454 Palear
735 3379 804 3478 (l),
819 3379 990 3454 exhausto
1008 3379 1168 3453 thesauro
1184 3380 1294 3474 regio,
1308 3401 1354 3454 ne
1369 3381 1457 3476 quid
1470 3397 1661 3458 remaneret

243 3505 428 3596 intactum,
448 3513 572 3596 terras,
594 3506 845 3600 possessiones,
863 3505 1049 3578 tenimenta
1065 3503 1216 3577 demanii
1233 3513 1268 3576 at
1281 3505 1440 3596 mortitii,
1460 3507 1660 3582 molendina

242 3639 278 3702 et
291 3631 410 3703 furnos
423 3643 458 3702 ct
473 3629 614 3703 macella
629 3639 664 3703 et
678 3629 764 3703 alios
777 3627 936 3703 redditus
953 3629 1083 3724 quibus
1095 3627 1206 3701 voluit
1219 3649 1283 3724 pro
1299 3651 1363 3702 sua
1381 3629 1558 3702 voluntate
1576 3653 1660 3705 con·

242 3751 345 3824 cessit
364 3761 398 3822 at
415 3753 671 3826 concessionem
691 3775 791 3826 snam
810 3753 924 3847 sigillo
949 3753 1044 3847 regio
1059 3752 1154 3846 quod
1169 3751 1243 3848 ipse
1256 3760 1413 3826 tenuerat
1427 3751 1656 3830 confirmavit.

242 3875 400 3950 Preteraa
419 3897 500 3949 cum
518 3899 539 3950 a
559 3877 770 3972 quibusdam
793 3877 965 3968 ecclesiis,
985 3876 1122 3950 civibus
1149 3885 1184 3948 et
1206 3876 1454 3950 mercatoribus
1475 3881 1658 3974 pecuniam

242 4009 367 4073 mutuo
383 4001 568 4097 recepisset
588 4011 623 4074 et
640 4001 841 4075 extorsisset
858 4002 904 4074 ab
929 4001 1007 4074 aliis
1023 4002 1202 4094 violenter,
1221 4001 1361 4075 tandem
1382 4011 1423 4075 ut
1438 4003 1528 4077 lesos
1547 4005 1657 4076 utrin-

241 4143 313 4217 que
327 4124 496 4219 placaret,
516 4123 742 4218 bajulationes
754 4127 923 4200 concessit
938 4125 1070 4199 eisdam
1085 4134 1120 4197 ct
1135 4125 1172 4196 in
1190 4123 1413 4222 dispendium
1435 4129 1528 4222 regis
1547 4137 1658 4201 retor-

284 4297 325 4378 (o)
348 4301 430 4362 Intra
441 4307 543 4364 tannen
555 4300 705 4363 lliceardo.

284 4403 325 4482 (b)
347 4405 384 4466 ln
397 4405 499 4468 codlce
510 4413 539 4468 ct
550 4407 607 4478 Μ.,·
622 4407 706 4469 locus
719 4413 821 4469 nostra
833 4409 979 4470 sententia
991 4414 1157 4485 corruptus.

280 4639 316 4714 (tl
336 4639 445 4697 Nullum
459 4641 484 4698 ei
497 4639 603 4698 titulum
624 4639 834 4700 ecclesiasticum
855 4642 899 4702 rel
920 4641 1027 4702 civilem
1043 4659 1113 4718 papa
1126 4642 1267 4716 adscribit,
1286 4659 1348 4703 cum
1367 4643 1611 4704 excommunicatus
1629 4652 1657 4703 at

240 4736 349 4795 rebellis
364 4744 429 4794 tunc
447 4737 601 4797 Gualterios
615 4739 768 4798 baberetur.
