<?xml version="1.0" encoding="UTF-8"?>
<!DOCTYPE html PUBLIC "-//W3C//DTD XHTML 1.0 Transitional//EN"
    "http://www.w3.org/TR/xhtml1/DTD/xhtml1-transitional.dtd">
<html xmlns="http://www.w3.org/1999/xhtml" xml:lang="en" lang="en">
 <head>
  <title>
</title>
<meta http-equiv="Content-Type" content="text/html;charset=utf-8" />
  <meta name='ocr-system' content='tesseract 3.04.00' />
  <meta name='ocr-capabilities' content='ocr_page ocr_carea ocr_par ocr_line ocrx_word'/>
</head>
<body>
  <div class='ocr_page' id='page_1' title='image "./historiadiploma06fredgoog_0283.png"; bbox 0 0 4302 5932; ppageno 0'>
   <div class='ocr_carea' id='block_1_1' title="bbox 543 539 1958 620">
    <p class='ocr_par' dir='ltr' id='par_1_1' title="bbox 543 539 1958 620">
     <span class='ocr_line' id='line_1_1' title="bbox 543 539 1958 620; baseline -0.002 -14"><span class='ocrx_word' id='word_1_1' title='bbox 543 545 606 608; x_wconf 77' lang='lat'>264</span> <span class='ocrx_word' id='word_1_2' title='bbox 1045 539 1259 600; x_wconf 72' lang='lat' dir='ltr'>ratosatcl</span> <span class='ocrx_word' id='word_1_3' title='bbox 1283 539 1459 602; x_wconf 73' lang='lat' dir='ltr'>sscitant</span> <span class='ocrx_word' id='word_1_4' title='bbox 1772 541 1853 620; x_wconf 77' lang='lat' dir='ltr'>[dar.</span> <span class='ocrx_word' id='word_1_5' title='bbox 1871 541 1958 604; x_wconf 76' lang='lat' dir='ltr'>tata</span> 
     </span>
    </p>
   </div>
   <div class='ocr_carea' id='block_1_2' title="bbox 540 673 1961 4120">
    <p class='ocr_par' dir='ltr' id='par_1_2' title="bbox 540 673 1961 4120">
     <span class='ocr_line' id='line_1_2' title="bbox 547 673 1961 768; baseline -0.004 -13"><span class='ocrx_word' id='word_1_6' title='bbox 547 678 752 768; x_wconf 83' lang='lat' dir='ltr'><strong>dinoscitur,</strong></span> <span class='ocrx_word' id='word_1_7' title='bbox 764 697 843 750; x_wconf 93' lang='lat' dir='ltr'>cnm</span> <span class='ocrx_word' id='word_1_8' title='bbox 863 675 959 750; x_wconf 94' lang='lat' dir='ltr'>omni</span> <span class='ocrx_word' id='word_1_9' title='bbox 972 677 1052 768; x_wconf 85' lang='lat' dir='ltr'>jure</span> <span class='ocrx_word' id='word_1_10' title='bbox 1067 683 1103 748; x_wconf 87' lang='lat' dir='ltr'>et</span> <span class='ocrx_word' id='word_1_11' title='bbox 1124 675 1270 768; x_wconf 88' lang='lat' dir='ltr'>honore,</span> <span class='ocrx_word' id='word_1_12' title='bbox 1284 675 1387 748; x_wconf 82' lang='lat' dir='ltr'>simili</span> <span class='ocrx_word' id='word_1_13' title='bbox 1406 677 1517 750; x_wconf 87' lang='lat' dir='ltr'>lorma</span> <span class='ocrx_word' id='word_1_14' title='bbox 1528 673 1668 768; x_wconf 80' lang='lat' dir='ltr'>feodali,</span> <span class='ocrx_word' id='word_1_15' title='bbox 1688 675 1789 749; x_wconf 90' lang='lat' dir='ltr'>nobis</span> <span class='ocrx_word' id='word_1_16' title='bbox 1808 678 1961 750; x_wconf 75' lang='lat' dir='ltr'>contere</span> 
     </span>
     <span class='ocr_line' id='line_1_3' title="bbox 547 799 1959 896; baseline -0.001 -19"><span class='ocrx_word' id='word_1_17' title='bbox 547 803 701 894; x_wconf 87' lang='lat' dir='ltr'>curavit;</span> <span class='ocrx_word' id='word_1_18' title='bbox 717 801 773 874; x_wconf 92' lang='lat' dir='ltr'>his</span> <span class='ocrx_word' id='word_1_19' title='bbox 790 799 1006 874; x_wconf 79' lang='lat' dir='ltr'>solummodo</span> <span class='ocrx_word' id='word_1_20' title='bbox 1022 801 1258 895; x_wconf 83' lang='lat' dir='ltr'>exceptisque</span> <span class='ocrx_word' id='word_1_21' title='bbox 1275 822 1358 896; x_wconf 91' lang='lat' dir='ltr'>sepe</span> <span class='ocrx_word' id='word_1_22' title='bbox 1374 800 1488 874; x_wconf 91' lang='lat' dir='ltr'>dictus</span> <span class='ocrx_word' id='word_1_23' title='bbox 1503 801 1613 874; x_wconf 87' lang='lat' dir='ltr'>abbas</span> <span class='ocrx_word' id='word_1_24' title='bbox 1628 811 1709 874; x_wconf 87' lang='lat' dir='ltr'>ante</span> <span class='ocrx_word' id='word_1_25' title='bbox 1722 812 1879 875; x_wconf 91' lang='lat' dir='ltr'>nostrum</span> <span class='ocrx_word' id='word_1_26' title='bbox 1896 801 1959 875; x_wconf 89' lang='lat' dir='ltr'>ad·</span> 
     </span>
     <span class='ocr_line' id='line_1_4' title="bbox 548 922 1959 1018; baseline -0.001 -18"><span class='ocrx_word' id='word_1_27' title='bbox 548 937 691 1000; x_wconf 88' lang='lat' dir='ltr'>ventum</span> <span class='ocrx_word' id='word_1_28' title='bbox 708 925 785 998; x_wconf 87' lang='lat' dir='ltr'>aliis</span> <span class='ocrx_word' id='word_1_29' title='bbox 801 925 875 998; x_wconf 89' lang='lat' dir='ltr'>suis</span> <span class='ocrx_word' id='word_1_30' title='bbox 890 922 1053 998; x_wconf 90' lang='lat' dir='ltr'>lidelibus</span> <span class='ocrx_word' id='word_1_31' title='bbox 1063 923 1161 996; x_wconf 91' lang='lat' dir='ltr'>visus</span> <span class='ocrx_word' id='word_1_32' title='bbox 1178 933 1230 996; x_wconf 91' lang='lat' dir='ltr'>est</span> <span class='ocrx_word' id='word_1_33' title='bbox 1246 924 1432 998; x_wconf 88' lang='lat' dir='ltr'>contulisse</span> <span class='ocrx_word' id='word_1_34' title='bbox 1446 923 1571 998; x_wconf 90' lang='lat' dir='ltr'>eodem</span> <span class='ocrx_word' id='word_1_35' title='bbox 1584 927 1664 1018; x_wconf 86' lang='lat' dir='ltr'>jure</span> <span class='ocrx_word' id='word_1_36' title='bbox 1677 924 1782 998; x_wconf 85' lang='lat' dir='ltr'>leodi.</span> <span class='ocrx_word' id='word_1_37' title='bbox 1802 925 1959 998; x_wconf 90' lang='lat' dir='ltr'>Salvoin</span> 
     </span>
     <span class='ocr_line' id='line_1_5' title="bbox 548 1047 1961 1146; baseline 0 -24"><span class='ocrx_word' id='word_1_38' title='bbox 548 1051 614 1124; x_wconf 90' lang='lat' dir='ltr'>hoc</span> <span class='ocrx_word' id='word_1_39' title='bbox 630 1051 760 1123; x_wconf 93' lang='lat' dir='ltr'>honore</span> <span class='ocrx_word' id='word_1_40' title='bbox 777 1049 934 1146; x_wconf 77' lang='lat' dir='ltr'>prelibati</span> <span class='ocrx_word' id='word_1_41' title='bbox 947 1049 1083 1122; x_wconf 88' lang='lat' dir='ltr'>abbatis</span> <span class='ocrx_word' id='word_1_42' title='bbox 1099 1056 1135 1120; x_wconf 93' lang='lat' dir='ltr'>et</span> <span class='ocrx_word' id='word_1_43' title='bbox 1149 1047 1292 1122; x_wconf 88' lang='lat' dir='ltr'>ecclesie</span> <span class='ocrx_word' id='word_1_44' title='bbox 1307 1070 1371 1122; x_wconf 89' lang='lat' dir='ltr'>sue</span> <span class='ocrx_word' id='word_1_45' title='bbox 1383 1047 1481 1144; x_wconf 91' lang='lat' dir='ltr'>quod</span> <span class='ocrx_word' id='word_1_46' title='bbox 1493 1049 1568 1144; x_wconf 92' lang='lat' dir='ltr'>ipse</span> <span class='ocrx_word' id='word_1_47' title='bbox 1580 1049 1689 1122; x_wconf 89' lang='lat' dir='ltr'>abbas</span> <span class='ocrx_word' id='word_1_48' title='bbox 1705 1058 1741 1122; x_wconf 92' lang='lat' dir='ltr'>et</span> <span class='ocrx_word' id='word_1_49' title='bbox 1753 1049 1809 1122; x_wconf 89' lang='lat' dir='ltr'>sui</span> <span class='ocrx_word' id='word_1_50' title='bbox 1823 1070 1961 1122; x_wconf 77' lang='lat' dir='ltr'>succes-</span> 
     </span>
     <span class='ocr_line' id='line_1_6' title="bbox 547 1171 1961 1270; baseline 0 -22"><span class='ocrx_word' id='word_1_51' title='bbox 547 1196 641 1248; x_wconf 76' lang='lat' dir='ltr'>sores</span> <span class='ocrx_word' id='word_1_52' title='bbox 650 1195 769 1247; x_wconf 93' lang='lat' dir='ltr'>eornm</span> <span class='ocrx_word' id='word_1_53' title='bbox 782 1175 1044 1266; x_wconf 89' lang='lat' dir='ltr'>bonorumque,</span> <span class='ocrx_word' id='word_1_54' title='bbox 1057 1181 1097 1244; x_wconf 89' lang='lat' dir='ltr'>nt</span> <span class='ocrx_word' id='word_1_55' title='bbox 1109 1173 1313 1268; x_wconf 79' lang='lat' dir='ltr'>prelibatum</span> <span class='ocrx_word' id='word_1_56' title='bbox 1327 1181 1392 1266; x_wconf 92' lang='lat' dir='ltr'>est,</span> <span class='ocrx_word' id='word_1_57' title='bbox 1409 1174 1456 1247; x_wconf 87' lang='lat' dir='ltr'>ad</span> <span class='ocrx_word' id='word_1_58' title='bbox 1470 1171 1678 1248; x_wconf 82' lang='lat' dir='ltr'>beneficium</span> <span class='ocrx_word' id='word_1_59' title='bbox 1690 1173 1868 1268; x_wconf 85' lang='lat' dir='ltr'>quondam</span> <span class='ocrx_word' id='word_1_60' title='bbox 1885 1196 1961 1270; x_wconf 91' lang='lat' dir='ltr'>pre·</span> 
     </span>
     <span class='ocr_line' id='line_1_7' title="bbox 545 1296 1960 1394; baseline 0 -23"><span class='ocrx_word' id='word_1_61' title='bbox 545 1299 711 1373; x_wconf 87' lang='lat' dir='ltr'>nominali</span> <span class='ocrx_word' id='word_1_62' title='bbox 727 1296 936 1370; x_wconf 90' lang='lat' dir='ltr'>marchionis</span> <span class='ocrx_word' id='word_1_63' title='bbox 944 1297 1172 1392; x_wconf 73' lang='lat' dir='ltr'>pertinebant,</span> <span class='ocrx_word' id='word_1_64' title='bbox 1185 1296 1336 1370; x_wconf 86' lang='lat' dir='ltr'>debeant</span> <span class='ocrx_word' id='word_1_65' title='bbox 1345 1318 1422 1372; x_wconf 89' lang='lat' dir='ltr'>esse</span> <span class='ocrx_word' id='word_1_66' title='bbox 1435 1299 1542 1371; x_wconf 86' lang='lat' dir='ltr'>nostri</span> <span class='ocrx_word' id='word_1_67' title='bbox 1557 1298 1751 1394; x_wconf 78' lang='lat' dir='ltr'>provisores</span> <span class='ocrx_word' id='word_1_68' title='bbox 1761 1320 1824 1373; x_wconf 87' lang='lat' dir='ltr'>sen</span> <span class='ocrx_word' id='word_1_69' title='bbox 1835 1319 1960 1394; x_wconf 91' lang='lat' dir='ltr'>procu·</span> 
     </span>
     <span class='ocr_line' id='line_1_8' title="bbox 546 1419 1959 1518; baseline -0.003 -20"><span class='ocrx_word' id='word_1_70' title='bbox 546 1433 692 1514; x_wconf 72' lang='lat' dir='ltr'>ratores3</span> <span class='ocrx_word' id='word_1_71' title='bbox 707 1431 747 1495; x_wconf 89' lang='lat' dir='ltr'>ut</span> <span class='ocrx_word' id='word_1_72' title='bbox 757 1422 787 1494; x_wconf 90' lang='lat' dir='ltr'>si</span> <span class='ocrx_word' id='word_1_73' title='bbox 800 1443 907 1516; x_wconf 87' lang='lat' dir='ltr'>quem</span> <span class='ocrx_word' id='word_1_74' title='bbox 922 1419 1094 1495; x_wconf 86' lang='lat' dir='ltr'>delectum</span> <span class='ocrx_word' id='word_1_75' title='bbox 1108 1421 1225 1515; x_wconf 88' lang='lat' dir='ltr'>aliquo</span> <span class='ocrx_word' id='word_1_76' title='bbox 1240 1430 1395 1518; x_wconf 88' lang='lat' dir='ltr'>tempore</span> <span class='ocrx_word' id='word_1_77' title='bbox 1407 1422 1577 1518; x_wconf 89' lang='lat' dir='ltr'>patiamur</span> <span class='ocrx_word' id='word_1_78' title='bbox 1589 1422 1625 1494; x_wconf 94' lang='lat' dir='ltr'>in</span> <span class='ocrx_word' id='word_1_79' title='bbox 1636 1425 1715 1516; x_wconf 88' lang='lat' dir='ltr'>jure</span> <span class='ocrx_word' id='word_1_80' title='bbox 1724 1433 1841 1496; x_wconf 91' lang='lat' dir='ltr'>nostro</span> <span class='ocrx_word' id='word_1_81' title='bbox 1852 1423 1910 1494; x_wconf 88' lang='lat' dir='ltr'>vel</span> <span class='ocrx_word' id='word_1_82' title='bbox 1925 1423 1959 1494; x_wconf 94' lang='lat' dir='ltr'>in</span> 
     </span>
     <span class='ocr_line' id='line_1_9' title="bbox 546 1544 1960 1643; baseline -0.001 -24"><span class='ocrx_word' id='word_1_83' title='bbox 546 1547 769 1643; x_wconf 88' lang='lat' dir='ltr'>petitionibus</span> <span class='ocrx_word' id='word_1_84' title='bbox 785 1567 888 1640; x_wconf 90' lang='lat' dir='ltr'>super</span> <span class='ocrx_word' id='word_1_85' title='bbox 902 1544 1026 1619; x_wconf 90' lang='lat' dir='ltr'>eadem</span> <span class='ocrx_word' id='word_1_86' title='bbox 1039 1545 1220 1619; x_wconf 87' lang='lat' dir='ltr'>advocatia</span> <span class='ocrx_word' id='word_1_87' title='bbox 1234 1545 1412 1638; x_wconf 82' lang='lat' dir='ltr'>iaciendis,</span> <span class='ocrx_word' id='word_1_88' title='bbox 1426 1546 1618 1619; x_wconf 91' lang='lat' dir='ltr'>secundum</span> <span class='ocrx_word' id='word_1_89' title='bbox 1629 1545 1728 1641; x_wconf 88' lang='lat' dir='ltr'>quod</span> <span class='ocrx_word' id='word_1_90' title='bbox 1742 1567 1802 1619; x_wconf 88' lang='lat' dir='ltr'>eas</span> <span class='ocrx_word' id='word_1_91' title='bbox 1816 1547 1960 1619; x_wconf 90' lang='lat' dir='ltr'>nuntius</span> 
     </span>
     <span class='ocr_line' id='line_1_10' title="bbox 546 1669 1960 1765; baseline -0.001 -22"><span class='ocrx_word' id='word_1_92' title='bbox 546 1681 662 1744; x_wconf 88' lang='lat' dir='ltr'>noster</span> <span class='ocrx_word' id='word_1_93' title='bbox 678 1669 725 1744; x_wconf 89' lang='lat' dir='ltr'>ad</span> <span class='ocrx_word' id='word_1_94' title='bbox 744 1669 811 1742; x_wconf 89' lang='lat' dir='ltr'>lroc</span> <span class='ocrx_word' id='word_1_95' title='bbox 827 1669 1018 1742; x_wconf 72' lang='lat' dir='ltr'>destinatus</span> <span class='ocrx_word' id='word_1_96' title='bbox 1035 1669 1236 1764; x_wconf 87' lang='lat' dir='ltr'>imposuerit</span> <span class='ocrx_word' id='word_1_97' title='bbox 1253 1669 1396 1742; x_wconf 90' lang='lat' dir='ltr'>consilio</span> <span class='ocrx_word' id='word_1_98' title='bbox 1417 1669 1552 1743; x_wconf 89' lang='lat' dir='ltr'>abbatis</span> <span class='ocrx_word' id='word_1_99' title='bbox 1568 1671 1719 1765; x_wconf 72' lang='lat' dir='ltr'>seperate</span> <span class='ocrx_word' id='word_1_100' title='bbox 1733 1671 1895 1760; x_wconf 77' lang='lat' dir='ltr'>ecclesie,</span> <span class='ocrx_word' id='word_1_101' title='bbox 1915 1669 1960 1742; x_wconf 93' lang='lat' dir='ltr'>de</span> 
     </span>
     <span class='ocr_line' id='line_1_11' title="bbox 547 1793 1960 1890; baseline -0.001 -22"><span class='ocrx_word' id='word_1_102' title='bbox 547 1795 602 1868; x_wconf 91' lang='lat' dir='ltr'>his</span> <span class='ocrx_word' id='word_1_103' title='bbox 619 1795 782 1868; x_wconf 92' lang='lat' dir='ltr'>omnibns</span> <span class='ocrx_word' id='word_1_104' title='bbox 797 1794 898 1866; x_wconf 91' lang='lat' dir='ltr'>nobis</span> <span class='ocrx_word' id='word_1_105' title='bbox 915 1793 1122 1888; x_wconf 85' lang='lat' dir='ltr'>respondeat</span> <span class='ocrx_word' id='word_1_106' title='bbox 1138 1795 1214 1890; x_wconf 88' lang='lat' dir='ltr'>ipsc</span> <span class='ocrx_word' id='word_1_107' title='bbox 1227 1793 1336 1867; x_wconf 88' lang='lat' dir='ltr'>abbas</span> <span class='ocrx_word' id='word_1_108' title='bbox 1350 1804 1385 1866; x_wconf 91' lang='lat' dir='ltr'>st</span> <span class='ocrx_word' id='word_1_109' title='bbox 1399 1793 1585 1867; x_wconf 78' lang='lat' dir='ltr'>satisfaciat</span> <span class='ocrx_word' id='word_1_110' title='bbox 1605 1796 1642 1866; x_wconf 93' lang='lat' dir='ltr'>in</span> <span class='ocrx_word' id='word_1_111' title='bbox 1663 1795 1856 1889; x_wconf 67' lang='lat' dir='ltr'>integrum</span> <span class='ocrx_word' id='word_1_112' title='bbox 1877 1795 1960 1888; x_wconf 86' lang='lat' dir='ltr'>quia</span> 
     </span>
     <span class='ocr_line' id='line_1_12' title="bbox 548 1915 1959 2010; baseline -0.001 -23"><span class='ocrx_word' id='word_1_113' title='bbox 548 1917 816 2010; x_wconf 88' lang='lat' dir='ltr'>illeqnionnquo</span> <span class='ocrx_word' id='word_1_114' title='bbox 826 1915 929 1988; x_wconf 88' lang='lat' dir='ltr'>luerit</span> <span class='ocrx_word' id='word_1_115' title='bbox 941 1924 1057 1988; x_wconf 88' lang='lat' dir='ltr'>noster</span> <span class='ocrx_word' id='word_1_116' title='bbox 1069 1916 1212 1988; x_wconf 90' lang='lat' dir='ltr'>nuntius</span> <span class='ocrx_word' id='word_1_117' title='bbox 1228 1916 1274 1989; x_wconf 89' lang='lat' dir='ltr'>ad</span> <span class='ocrx_word' id='word_1_118' title='bbox 1290 1915 1357 1988; x_wconf 90' lang='lat' dir='ltr'>hoc</span> <span class='ocrx_word' id='word_1_119' title='bbox 1372 1915 1576 2006; x_wconf 88' lang='lat' dir='ltr'>destinatus,</span> <span class='ocrx_word' id='word_1_120' title='bbox 1590 1917 1733 1989; x_wconf 90' lang='lat' dir='ltr'>oonsilio</span> <span class='ocrx_word' id='word_1_121' title='bbox 1749 1916 1885 1988; x_wconf 88' lang='lat' dir='ltr'>abbatis</span> <span class='ocrx_word' id='word_1_122' title='bbox 1897 1916 1959 2010; x_wconf 91' lang='lat' dir='ltr'>qni</span> 
     </span>
     <span class='ocr_line' id='line_1_13' title="bbox 546 2039 1959 2136; baseline -0.002 -23"><span class='ocrx_word' id='word_1_123' title='bbox 546 2062 609 2136; x_wconf 94' lang='lat' dir='ltr'>pro</span> <span class='ocrx_word' id='word_1_124' title='bbox 627 2050 780 2134; x_wconf 87' lang='lat' dir='ltr'>temporo</span> <span class='ocrx_word' id='word_1_125' title='bbox 798 2039 899 2112; x_wconf 86' lang='lat' dir='ltr'>inerit</span> <span class='ocrx_word' id='word_1_126' title='bbox 912 2041 991 2130; x_wconf 89' lang='lat' dir='ltr'>jura</span> <span class='ocrx_word' id='word_1_127' title='bbox 1011 2048 1126 2111; x_wconf 87' lang='lat' dir='ltr'>nostra</span> <span class='ocrx_word' id='word_1_128' title='bbox 1146 2048 1261 2134; x_wconf 90' lang='lat' dir='ltr'>petere</span> <span class='ocrx_word' id='word_1_129' title='bbox 1278 2050 1313 2112; x_wconf 91' lang='lat' dir='ltr'>et</span> <span class='ocrx_word' id='word_1_130' title='bbox 1331 2040 1512 2135; x_wconf 88' lang='lat' dir='ltr'>petitiones</span> <span class='ocrx_word' id='word_1_131' title='bbox 1531 2060 1594 2135; x_wconf 91' lang='lat' dir='ltr'>pro</span> <span class='ocrx_word' id='word_1_132' title='bbox 1611 2039 1712 2112; x_wconf 90' lang='lat' dir='ltr'>nobis</span> <span class='ocrx_word' id='word_1_133' title='bbox 1727 2039 1833 2113; x_wconf 90' lang='lat' dir='ltr'>debet</span> <span class='ocrx_word' id='word_1_134' title='bbox 1847 2040 1959 2134; x_wconf 86' lang='lat' dir='ltr'>impe·</span> 
     </span>
     <span class='ocr_line' id='line_1_14' title="bbox 547 2162 1960 2259; baseline 0 -23"><span class='ocrx_word' id='word_1_135' title='bbox 547 2185 641 2236; x_wconf 91' lang='lat' dir='ltr'>nere.</span> <span class='ocrx_word' id='word_1_136' title='bbox 665 2164 804 2236; x_wconf 92' lang='lat' dir='ltr'>Nullum</span> <span class='ocrx_word' id='word_1_137' title='bbox 822 2172 938 2236; x_wconf 73' lang='lat' dir='ltr'>numm</span> <span class='ocrx_word' id='word_1_138' title='bbox 960 2162 1101 2236; x_wconf 92' lang='lat' dir='ltr'>omnino</span> <span class='ocrx_word' id='word_1_139' title='bbox 1118 2163 1329 2258; x_wconf 83' lang='lat' dir='ltr'>provisorem</span> <span class='ocrx_word' id='word_1_140' title='bbox 1349 2165 1425 2236; x_wconf 88' lang='lat' dir='ltr'>sive</span> <span class='ocrx_word' id='word_1_141' title='bbox 1442 2173 1697 2259; x_wconf 84' lang='lat' dir='ltr'>procuratorem</span> <span class='ocrx_word' id='word_1_142' title='bbox 1714 2185 1822 2259; x_wconf 86' lang='lat' dir='ltr'>snper</span> <span class='ocrx_word' id='word_1_143' title='bbox 1842 2164 1960 2238; x_wconf 92' lang='lat' dir='ltr'>advo-</span> 
     </span>
     <span class='ocr_line' id='line_1_15' title="bbox 548 2287 1959 2383; baseline -0.004 -21"><span class='ocrx_word' id='word_1_144' title='bbox 548 2289 636 2362; x_wconf 87' lang='lat' dir='ltr'>catia</span> <span class='ocrx_word' id='word_1_145' title='bbox 646 2298 750 2382; x_wconf 84' lang='lat' dir='ltr'>alque</span> <span class='ocrx_word' id='word_1_146' title='bbox 763 2287 864 2360; x_wconf 94' lang='lat' dir='ltr'>bonis</span> <span class='ocrx_word' id='word_1_147' title='bbox 875 2287 1063 2383; x_wconf 86' lang='lat' dir='ltr'>pretaxatis</span> <span class='ocrx_word' id='word_1_148' title='bbox 1073 2287 1200 2360; x_wconf 87' lang='lat' dir='ltr'>babere</span> <span class='ocrx_word' id='word_1_149' title='bbox 1215 2287 1383 2360; x_wconf 89' lang='lat' dir='ltr'>debemus</span> <span class='ocrx_word' id='word_1_150' title='bbox 1393 2297 1612 2382; x_wconf 83' lang='lat' dir='ltr'>preterquam</span> <span class='ocrx_word' id='word_1_151' title='bbox 1626 2287 1787 2360; x_wconf 87' lang='lat' dir='ltr'>abbatem</span> <span class='ocrx_word' id='word_1_152' title='bbox 1798 2287 1913 2382; x_wconf 91' lang='lat' dir='ltr'>ipsum</span> <span class='ocrx_word' id='word_1_153' title='bbox 1924 2298 1959 2360; x_wconf 87' lang='lat' dir='ltr'>et</span> 
     </span>
     <span class='ocr_line' id='line_1_16' title="bbox 547 2411 1958 2506; baseline -0.001 -20"><span class='ocrx_word' id='word_1_154' title='bbox 547 2436 649 2488; x_wconf 91' lang='lat' dir='ltr'>sunm</span> <span class='ocrx_word' id='word_1_155' title='bbox 664 2435 909 2486; x_wconf 88' lang='lat' dir='ltr'>successorem.</span> <span class='ocrx_word' id='word_1_156' title='bbox 925 2413 993 2484; x_wconf 90' lang='lat' dir='ltr'>Nos</span> <span class='ocrx_word' id='word_1_157' title='bbox 1011 2421 1126 2485; x_wconf 89' lang='lat' dir='ltr'>antem</span> <span class='ocrx_word' id='word_1_158' title='bbox 1144 2435 1191 2484; x_wconf 80' lang='lat' dir='ltr'>ex</span> <span class='ocrx_word' id='word_1_159' title='bbox 1208 2413 1326 2486; x_wconf 85' lang='lat' dir='ltr'>innata</span> <span class='ocrx_word' id='word_1_160' title='bbox 1344 2413 1444 2485; x_wconf 89' lang='lat' dir='ltr'>nobis</span> <span class='ocrx_word' id='word_1_161' title='bbox 1459 2413 1556 2506; x_wconf 79' lang='lat' dir='ltr'>regia</span> <span class='ocrx_word' id='word_1_162' title='bbox 1571 2411 1787 2506; x_wconf 83' lang='lat' dir='ltr'>providentia</span> <span class='ocrx_word' id='word_1_163' title='bbox 1805 2413 1958 2484; x_wconf 88' lang='lat' dir='ltr'>nolentes</span> 
     </span>
     <span class='ocr_line' id='line_1_17' title="bbox 547 2533 1956 2635; baseline -0.004 -23"><span class='ocrx_word' id='word_1_164' title='bbox 547 2549 616 2612; x_wconf 90' lang='lat' dir='ltr'>tam</span> <span class='ocrx_word' id='word_1_165' title='bbox 632 2539 841 2612; x_wconf 87' lang='lat' dir='ltr'>laudabilem</span> <span class='ocrx_word' id='word_1_166' title='bbox 857 2537 967 2632; x_wconf 88' lang='lat' dir='ltr'>ipsius</span> <span class='ocrx_word' id='word_1_167' title='bbox 981 2537 1116 2610; x_wconf 89' lang='lat' dir='ltr'>abbatis</span> <span class='ocrx_word' id='word_1_168' title='bbox 1127 2533 1313 2635; x_wconf 81' lang='lat' dir='ltr'>[allectum]</span> <span class='ocrx_word' id='word_1_169' title='bbox 1328 2546 1492 2630; x_wconf 88' lang='lat' dir='ltr'>tanquam</span> <span class='ocrx_word' id='word_1_170' title='bbox 1504 2536 1594 2608; x_wconf 93' lang='lat' dir='ltr'>bene</span> <span class='ocrx_word' id='word_1_171' title='bbox 1610 2535 1721 2608; x_wconf 89' lang='lat' dir='ltr'>meriti</span> <span class='ocrx_word' id='word_1_172' title='bbox 1736 2537 1812 2608; x_wconf 90' lang='lat' dir='ltr'>siue</span> <span class='ocrx_word' id='word_1_173' title='bbox 1826 2557 1956 2608; x_wconf 90' lang='lat' dir='ltr'>recom-</span> 
     </span>
     <span class='ocr_line' id='line_1_18' title="bbox 547 2659 1957 2758; baseline -0.002 -23"><span class='ocrx_word' id='word_1_174' title='bbox 547 2663 748 2758; x_wconf 86' lang='lat' dir='ltr'>pensatione</span> <span class='ocrx_word' id='word_1_175' title='bbox 758 2661 982 2758; x_wconf 90' lang='lat' dir='ltr'>pertrnnsire,</span> <span class='ocrx_word' id='word_1_176' title='bbox 998 2662 1196 2734; x_wconf 88' lang='lat' dir='ltr'>comitatum</span> <span class='ocrx_word' id='word_1_177' title='bbox 1209 2661 1518 2756; x_wconf 83' lang='lat' dir='ltr'>campidonensem</span> <span class='ocrx_word' id='word_1_178' title='bbox 1530 2659 1563 2731; x_wconf 91' lang='lat' dir='ltr'>ei</span> <span class='ocrx_word' id='word_1_179' title='bbox 1573 2660 1780 2734; x_wconf 90' lang='lat' dir='ltr'>etomnibus</span> <span class='ocrx_word' id='word_1_180' title='bbox 1792 2660 1866 2731; x_wconf 90' lang='lat' dir='ltr'>suis</span> <span class='ocrx_word' id='word_1_181' title='bbox 1878 2681 1957 2732; x_wconf 90' lang='lat' dir='ltr'>suc·</span> 
     </span>
     <span class='ocr_line' id='line_1_19' title="bbox 546 2783 1955 2878; baseline -0.002 -19"><span class='ocrx_word' id='word_1_182' title='bbox 546 2786 738 2860; x_wconf 80' lang='lat' dir='ltr'>sessoribus</span> <span class='ocrx_word' id='word_1_183' title='bbox 749 2807 828 2858; x_wconf 93' lang='lat' dir='ltr'>cum</span> <span class='ocrx_word' id='word_1_184' title='bbox 845 2785 942 2858; x_wconf 91' lang='lat' dir='ltr'>omni</span> <span class='ocrx_word' id='word_1_185' title='bbox 956 2784 1035 2876; x_wconf 88' lang='lat' dir='ltr'>jure</span> <span class='ocrx_word' id='word_1_186' title='bbox 1045 2795 1081 2856; x_wconf 85' lang='lat' dir='ltr'>et</span> <span class='ocrx_word' id='word_1_187' title='bbox 1091 2783 1221 2856; x_wconf 92' lang='lat' dir='ltr'>honore</span> <span class='ocrx_word' id='word_1_188' title='bbox 1235 2785 1367 2856; x_wconf 80' lang='lat' dir='ltr'>rabone</span> <span class='ocrx_word' id='word_1_189' title='bbox 1382 2784 1503 2878; x_wconf 79' lang='lat' dir='ltr'>legalis</span> <span class='ocrx_word' id='word_1_190' title='bbox 1516 2783 1610 2856; x_wconf 89' lang='lat' dir='ltr'>leodi</span> <span class='ocrx_word' id='word_1_191' title='bbox 1622 2793 1657 2856; x_wconf 92' lang='lat' dir='ltr'>et</span> <span class='ocrx_word' id='word_1_192' title='bbox 1671 2783 1882 2858; x_wconf 85' lang='lat' dir='ltr'>honorabilis</span> <span class='ocrx_word' id='word_1_193' title='bbox 1895 2783 1955 2856; x_wconf 88' lang='lat' dir='ltr'>be·</span> 
     </span>
     <span class='ocr_line' id='line_1_20' title="bbox 546 2906 1956 3002; baseline 0 -20"><span class='ocrx_word' id='word_1_194' title='bbox 546 2908 674 3000; x_wconf 87' lang='lat' dir='ltr'>nefioii,</span> <span class='ocrx_word' id='word_1_195' title='bbox 691 2909 843 2982; x_wconf 78' lang='lat' dir='ltr'>oonlmro</span> <span class='ocrx_word' id='word_1_196' title='bbox 856 2906 1068 2980; x_wconf 88' lang='lat' dir='ltr'>curavimus.</span> <span class='ocrx_word' id='word_1_197' title='bbox 1084 2909 1279 2980; x_wconf 87' lang='lat' dir='ltr'>Statueutes</span> <span class='ocrx_word' id='word_1_198' title='bbox 1292 2917 1325 2979; x_wconf 93' lang='lat' dir='ltr'>et</span> <span class='ocrx_word' id='word_1_199' title='bbox 1336 2908 1443 3002; x_wconf 76' lang='lat' dir='ltr'>regali</span> <span class='ocrx_word' id='word_1_200' title='bbox 1457 2906 1573 2982; x_wconf 89' lang='lat' dir='ltr'>edicto</span> <span class='ocrx_word' id='word_1_201' title='bbox 1589 2909 1797 2982; x_wconf 76' lang='lat' dir='ltr'>enuntiantes</span> <span class='ocrx_word' id='word_1_202' title='bbox 1807 2919 1847 2980; x_wconf 94' lang='lat' dir='ltr'>nt</span> <span class='ocrx_word' id='word_1_203' title='bbox 1862 2910 1956 2982; x_wconf 90' lang='lat' dir='ltr'>nulla</span> 
     </span>
     <span class='ocr_line' id='line_1_21' title="bbox 544 3031 1957 3127; baseline -0.001 -21"><span class='ocrx_word' id='word_1_204' title='bbox 544 3033 686 3107; x_wconf 93' lang='lat' dir='ltr'>omnino</span> <span class='ocrx_word' id='word_1_205' title='bbox 700 3053 847 3127; x_wconf 88' lang='lat' dir='ltr'>persona</span> <span class='ocrx_word' id='word_1_206' title='bbox 862 3031 1003 3102; x_wconf 91' lang='lat' dir='ltr'>humilis</span> <span class='ocrx_word' id='word_1_207' title='bbox 1013 3031 1069 3104; x_wconf 88' lang='lat' dir='ltr'>vel</span> <span class='ocrx_word' id='word_1_208' title='bbox 1083 3032 1164 3122; x_wconf 91' lang='lat' dir='ltr'>altn,</span> <span class='ocrx_word' id='word_1_209' title='bbox 1179 3031 1343 3104; x_wconf 89' lang='lat' dir='ltr'>secularis</span> <span class='ocrx_word' id='word_1_210' title='bbox 1356 3033 1414 3104; x_wconf 90' lang='lat' dir='ltr'>vel</span> <span class='ocrx_word' id='word_1_211' title='bbox 1430 3032 1676 3122; x_wconf 75' lang='lat' dir='ltr'>ecclesiastica,</span> <span class='ocrx_word' id='word_1_212' title='bbox 1691 3033 1757 3106; x_wconf 88' lang='lat' dir='ltr'>hoc</span> <span class='ocrx_word' id='word_1_213' title='bbox 1770 3033 1957 3127; x_wconf 79' lang='lat' dir='ltr'>infringere</span> 
     </span>
     <span class='ocr_line' id='line_1_22' title="bbox 545 3155 1956 3253; baseline -0.001 -25"><span class='ocrx_word' id='word_1_214' title='bbox 545 3157 601 3229; x_wconf 87' lang='lat' dir='ltr'>vel</span> <span class='ocrx_word' id='word_1_215' title='bbox 615 3157 670 3228; x_wconf 91' lang='lat' dir='ltr'>bis</span> <span class='ocrx_word' id='word_1_216' title='bbox 685 3155 847 3228; x_wconf 89' lang='lat' dir='ltr'>omnibns</span> <span class='ocrx_word' id='word_1_217' title='bbox 860 3176 949 3226; x_wconf 90' lang='lat' dir='ltr'>ausu</span> <span class='ocrx_word' id='word_1_218' title='bbox 965 3155 1143 3226; x_wconf 87' lang='lat' dir='ltr'>temerario</span> <span class='ocrx_word' id='word_1_219' title='bbox 1158 3155 1275 3248; x_wconf 87' lang='lat' dir='ltr'>aliquo</span> <span class='ocrx_word' id='word_1_220' title='bbox 1289 3163 1443 3250; x_wconf 89' lang='lat' dir='ltr'>tempore</span> <span class='ocrx_word' id='word_1_221' title='bbox 1455 3157 1693 3228; x_wconf 83' lang='lat' dir='ltr'>contravenire</span> <span class='ocrx_word' id='word_1_222' title='bbox 1708 3165 1895 3253; x_wconf 82' lang='lat' dir='ltr'>presumat.</span> <span class='ocrx_word' id='word_1_223' title='bbox 1913 3157 1956 3228; x_wconf 91' lang='lat' dir='ltr'>Ut</span> 
     </span>
     <span class='ocr_line' id='line_1_23' title="bbox 543 3277 1955 3372; baseline 0 -20"><span class='ocrx_word' id='word_1_224' title='bbox 543 3291 658 3352; x_wconf 88' lang='lat' dir='ltr'>antem</span> <span class='ocrx_word' id='word_1_225' title='bbox 675 3280 740 3352; x_wconf 90' lang='lat' dir='ltr'>bec</span> <span class='ocrx_word' id='word_1_226' title='bbox 756 3279 872 3352; x_wconf 88' lang='lat' dir='ltr'>omnia</span> <span class='ocrx_word' id='word_1_227' title='bbox 891 3287 1092 3372; x_wconf 86' lang='lat' dir='ltr'>perpetuam</span> <span class='ocrx_word' id='word_1_228' title='bbox 1106 3277 1291 3350; x_wconf 88' lang='lat' dir='ltr'>sortiantur</span> <span class='ocrx_word' id='word_1_229' title='bbox 1302 3278 1514 3352; x_wconf 90' lang='lat' dir='ltr'>evidentiam</span> <span class='ocrx_word' id='word_1_230' title='bbox 1532 3289 1568 3351; x_wconf 91' lang='lat' dir='ltr'>et</span> <span class='ocrx_word' id='word_1_231' title='bbox 1585 3278 1847 3370; x_wconf 85' lang='lat' dir='ltr'>firmitudinem,</span> <span class='ocrx_word' id='word_1_232' title='bbox 1866 3279 1955 3352; x_wconf 88' lang='lat' dir='ltr'>banc</span> 
     </span>
     <span class='ocr_line' id='line_1_24' title="bbox 543 3401 1905 3498; baseline 0 -24"><span class='ocrx_word' id='word_1_233' title='bbox 543 3403 704 3498; x_wconf 84' lang='lat' dir='ltr'>paginam</span> <span class='ocrx_word' id='word_1_234' title='bbox 719 3401 891 3498; x_wconf 82' lang='lat' dir='ltr'>privilegii</span> <span class='ocrx_word' id='word_1_235' title='bbox 909 3401 1013 3474; x_wconf 84' lang='lat' dir='ltr'>scribi</span> <span class='ocrx_word' id='word_1_236' title='bbox 1026 3401 1206 3494; x_wconf 88' lang='lat' dir='ltr'>jussimus,</span> <span class='ocrx_word' id='word_1_237' title='bbox 1224 3403 1338 3494; x_wconf 79' lang='lat' dir='ltr'>sigillo</span> <span class='ocrx_word' id='word_1_238' title='bbox 1356 3403 1544 3494; x_wconf 89' lang='lat' dir='ltr'>majestatis</span> <span class='ocrx_word' id='word_1_239' title='bbox 1561 3413 1678 3476; x_wconf 91' lang='lat' dir='ltr'>nostre</span> <span class='ocrx_word' id='word_1_240' title='bbox 1695 3405 1905 3478; x_wconf 80' lang='lat' dir='ltr'>roboratam.</span> 
     </span>
     <span class='ocr_line' id='line_1_25' title="bbox 589 3525 1955 3625; baseline 0.003 -27"><span class='ocrx_word' id='word_1_241' title='bbox 589 3528 701 3618; x_wconf 86' lang='lat' dir='ltr'>Hujus</span> <span class='ocrx_word' id='word_1_242' title='bbox 725 3527 778 3598; x_wconf 90' lang='lat' dir='ltr'>rei</span> <span class='ocrx_word' id='word_1_243' title='bbox 808 3536 914 3599; x_wconf 82' lang='lat' dir='ltr'>testes</span> <span class='ocrx_word' id='word_1_244' title='bbox 942 3535 1023 3598; x_wconf 87' lang='lat' dir='ltr'>sunt</span> <span class='ocrx_word' id='word_1_245' title='bbox 1044 3525 1249 3599; x_wconf 82' lang='lat' dir='ltr'>chunradus</span> <span class='ocrx_word' id='word_1_246' title='bbox 1277 3527 1545 3601; x_wconf 74' lang='lat' dir='ltr'>constantiensis</span> <span class='ocrx_word' id='word_1_247' title='bbox 1574 3529 1777 3625; x_wconf 89' lang='lat' dir='ltr'>episcopus,</span> <span class='ocrx_word' id='word_1_248' title='bbox 1805 3529 1955 3604; x_wconf 83' lang='lat' dir='ltr'>Silridus</span> 
     </span>
     <span class='ocr_line' id='line_1_26' title="bbox 541 3649 1954 3747; baseline 0.003 -25"><span class='ocrx_word' id='word_1_249' title='bbox 541 3649 770 3743; x_wconf 81' lang='lat' dir='ltr'>Augustonsis</span> <span class='ocrx_word' id='word_1_250' title='bbox 790 3652 992 3747; x_wconf 73' lang='lat' dir='ltr'>episcopm,</span> <span class='ocrx_word' id='word_1_251' title='bbox 1012 3651 1191 3724; x_wconf 85' lang='lat' dir='ltr'>Heinricns</span> <span class='ocrx_word' id='word_1_252' title='bbox 1211 3651 1385 3747; x_wconf 79' lang='lat' dir='ltr'>Augensis</span> <span class='ocrx_word' id='word_1_253' title='bbox 1404 3653 1530 3744; x_wconf 86' lang='lat' dir='ltr'>abbas,</span> <span class='ocrx_word' id='word_1_254' title='bbox 1550 3653 1686 3726; x_wconf 88' lang='lat' dir='ltr'>Ulricus</span> <span class='ocrx_word' id='word_1_255' title='bbox 1708 3654 1818 3727; x_wconf 88' lang='lat' dir='ltr'>abbas</span> <span class='ocrx_word' id='word_1_256' title='bbox 1840 3653 1954 3726; x_wconf 89' lang='lat' dir='ltr'>Sancti</span> 
     </span>
     <span class='ocr_line' id='line_1_27' title="bbox 541 3772 1955 3874; baseline 0.003 -28"><span class='ocrx_word' id='word_1_257' title='bbox 541 3774 645 3858; x_wconf 87' lang='lat' dir='ltr'>Galli,</span> <span class='ocrx_word' id='word_1_258' title='bbox 672 3827 682 3845; x_wconf 94' lang='lat'><strong>.</strong></span> <span class='ocrx_word' id='word_1_259' title='bbox 705 3827 716 3844; x_wconf 90' lang='lat'><strong>.</strong></span> <span class='ocrx_word' id='word_1_260' title='bbox 739 3829 749 3846; x_wconf 86' lang='lat'><strong>.</strong></span> <span class='ocrx_word' id='word_1_261' title='bbox 769 3772 822 3868; x_wconf 83' lang='lat' dir='ltr'>(l)</span> <span class='ocrx_word' id='word_1_262' title='bbox 843 3775 952 3846; x_wconf 87' lang='lat' dir='ltr'>abbas</span> <span class='ocrx_word' id='word_1_263' title='bbox 973 3773 1020 3847; x_wconf 91' lang='lat' dir='ltr'>de</span> <span class='ocrx_word' id='word_1_264' title='bbox 1043 3775 1295 3866; x_wconf 79' lang='lat' dir='ltr'>wizenburch,</span> <span class='ocrx_word' id='word_1_265' title='bbox 1324 3776 1530 3873; x_wconf 78' lang='lat' dir='ltr'>liudolphus</span> <span class='ocrx_word' id='word_1_266' title='bbox 1559 3797 1676 3850; x_wconf 89' lang='lat' dir='ltr'>comes</span> <span class='ocrx_word' id='word_1_267' title='bbox 1705 3779 1879 3874; x_wconf 87' lang='lat' dir='ltr'>palatinus</span> <span class='ocrx_word' id='word_1_268' title='bbox 1909 3778 1955 3852; x_wconf 91' lang='lat' dir='ltr'>de</span> 
     </span>
     <span class='ocr_line' id='line_1_28' title="bbox 540 3897 1954 3992; baseline 0.004 -24"><span class='ocrx_word' id='word_1_269' title='bbox 540 3897 732 3992; x_wconf 82' lang='lat' dir='ltr'>Tuwigen,</span> <span class='ocrx_word' id='word_1_270' title='bbox 752 3917 868 3970; x_wconf 87' lang='lat' dir='ltr'>comes</span> <span class='ocrx_word' id='word_1_271' title='bbox 884 3898 982 3991; x_wconf 74' lang='lat' dir='ltr'>ligno</span> <span class='ocrx_word' id='word_1_272' title='bbox 1007 3899 1053 3972; x_wconf 92' lang='lat' dir='ltr'>de</span> <span class='ocrx_word' id='word_1_273' title='bbox 1073 3899 1204 3990; x_wconf 84' lang='lat' dir='ltr'>Umoh,</span> <span class='ocrx_word' id='word_1_274' title='bbox 1230 3901 1459 3973; x_wconf 87' lang='lat' dir='ltr'>Hartmannns</span> <span class='ocrx_word' id='word_1_275' title='bbox 1476 3911 1511 3973; x_wconf 91' lang='lat' dir='ltr'>et</span> <span class='ocrx_word' id='word_1_276' title='bbox 1532 3901 1723 3976; x_wconf 84' lang='lat' dir='ltr'>Lndwicns</span> <span class='ocrx_word' id='word_1_277' title='bbox 1747 3902 1870 3975; x_wconf 85' lang='lat' dir='ltr'>iratres</span> <span class='ocrx_word' id='word_1_278' title='bbox 1891 3923 1954 3974; x_wconf 92' lang='lat' dir='ltr'>oo-</span> 
     </span>
     <span class='ocr_line' id='line_1_29' title="bbox 542 4021 1954 4120; baseline 0.003 -26"><span class='ocrx_word' id='word_1_279' title='bbox 542 4021 642 4094; x_wconf 88' lang='lat' dir='ltr'>miles</span> <span class='ocrx_word' id='word_1_280' title='bbox 660 4021 705 4095; x_wconf 88' lang='lat' dir='ltr'>de</span> <span class='ocrx_word' id='word_1_281' title='bbox 720 4021 971 4112; x_wconf 87' lang='lat' dir='ltr'>Wirteubercb,</span> <span class='ocrx_word' id='word_1_282' title='bbox 990 4042 1104 4094; x_wconf 91' lang='lat' dir='ltr'>comes</span> <span class='ocrx_word' id='word_1_283' title='bbox 1117 4022 1308 4118; x_wconf 88' lang='lat' dir='ltr'>Diepoldns</span> <span class='ocrx_word' id='word_1_284' title='bbox 1320 4023 1366 4097; x_wconf 92' lang='lat' dir='ltr'>de</span> <span class='ocrx_word' id='word_1_285' title='bbox 1379 4024 1486 4097; x_wconf 88' lang='lat' dir='ltr'>Cbcrs</span> <span class='ocrx_word' id='word_1_286' title='bbox 1502 4023 1570 4120; x_wconf 77' lang='lat'>(2),</span> <span class='ocrx_word' id='word_1_287' title='bbox 1587 4047 1704 4098; x_wconf 90' lang='lat' dir='ltr'>comes</span> <span class='ocrx_word' id='word_1_288' title='bbox 1721 4027 1954 4098; x_wconf 84' lang='lat' dir='ltr'>Hartmanuus</span> 
     </span>
    </p>
   </div>
   <div class='ocr_carea' id='block_1_3' title="bbox 540 4279 1953 4744">
    <p class='ocr_par' dir='ltr' id='par_1_3' title="bbox 540 4279 1953 4452">
     <span class='ocr_line' id='line_1_30' title="bbox 576 4279 1953 4356; baseline 0.003 -20"><span class='ocrx_word' id='word_1_289' title='bbox 576 4281 735 4356; x_wconf 81' lang='lat' dir='ltr'>(thomen</span> <span class='ocrx_word' id='word_1_290' title='bbox 754 4279 862 4338; x_wconf 78' lang='lat' dir='ltr'>abbatis</span> <span class='ocrx_word' id='word_1_291' title='bbox 883 4279 1117 4338; x_wconf 79' lang='lat' dir='ltr'>dsWrmburcb</span> <span class='ocrx_word' id='word_1_292' title='bbox 1138 4279 1953 4356; x_wconf 68' lang='lat' dir='ltr'>mnestmpmm,sodrelictrrmeispatiumvnmrum</span> 
     </span>
     <span class='ocr_line' id='line_1_31' title="bbox 540 4373 1489 4452; baseline -0.003 -17"><span class='ocrx_word' id='word_1_293' title='bbox 540 4379 648 4452; x_wconf 78' lang='lat' dir='ltr'>punctis</span> <span class='ocrx_word' id='word_1_294' title='bbox 661 4378 816 4434; x_wconf 82' lang='lat' dir='ltr'>indicatum.</span> <span class='ocrx_word' id='word_1_295' title='bbox 825 4375 904 4434; x_wconf 86' lang='lat' dir='ltr'>Clare</span> <span class='ocrx_word' id='word_1_296' title='bbox 916 4383 1006 4433; x_wconf 81' lang='lat' dir='ltr'>lamen</span> <span class='ocrx_word' id='word_1_297' title='bbox 1018 4381 1049 4432; x_wconf 83' lang='lat' dir='ltr'>ut</span> <span class='ocrx_word' id='word_1_298' title='bbox 1061 4391 1143 4449; x_wconf 81' lang='lat' dir='ltr'>supra</span> <span class='ocrx_word' id='word_1_299' title='bbox 1155 4374 1295 4448; x_wconf 81' lang='lat' dir='ltr'>legendum</span> <span class='ocrx_word' id='word_1_300' title='bbox 1313 4373 1489 4448; x_wconf 69' lang='lat' dir='ltr'>wulfrum.</span> 
     </span>
    </p>

    <p class='ocr_par' dir='ltr' id='par_1_4' title="bbox 540 4471 1953 4744">
     <span class='ocr_line' id='line_1_32' title="bbox 578 4471 1953 4548; baseline 0.001 -20"><span class='ocrx_word' id='word_1_301' title='bbox 578 4477 614 4548; x_wconf 59' lang='grc' dir='ltr'>(ἓ)</span> <span class='ocrx_word' id='word_1_302' title='bbox 633 4474 916 4532; x_wconf 76' lang='lat' dir='ltr'>Notandumonstrom</span> <span class='ocrx_word' id='word_1_303' title='bbox 929 4473 988 4530; x_wconf 83' lang='lat' dir='ltr'>sire</span> <span class='ocrx_word' id='word_1_304' title='bbox 998 4473 1088 4530; x_wconf 81' lang='lat' dir='ltr'>tomm</span> <span class='ocrx_word' id='word_1_305' title='bbox 1102 4471 1773 4547; x_wconf 75' lang='lat' dir='ltr'>ctersqnnngnornimtmosronmesotspotons,</span> <span class='ocrx_word' id='word_1_306' title='bbox 1787 4471 1953 4547; x_wconf 78' lang='lat' dir='ltr'>inllengnrtr&#39;</span> 
     </span>
     <span class='ocr_line' id='line_1_33' title="bbox 540 4568 1952 4645; baseline -0.001 -15"><span class='ocrx_word' id='word_1_307' title='bbox 540 4571 629 4630; x_wconf 84' lang='lat' dir='ltr'>indice</span> <span class='ocrx_word' id='word_1_308' title='bbox 644 4587 699 4629; x_wconf 90' lang='lat' dir='ltr'>non</span> <span class='ocrx_word' id='word_1_309' title='bbox 717 4571 846 4644; x_wconf 59' lang='lat' dir='ltr'>tursum</span> <span class='ocrx_word' id='word_1_310' title='bbox 860 4577 979 4628; x_wconf 74' lang='lat' dir='ltr'>attam</span> <span class='ocrx_word' id='word_1_311' title='bbox 998 4571 1088 4645; x_wconf 85' lang='lat' dir='ltr'>ipsum</span> <span class='ocrx_word' id='word_1_312' title='bbox 1108 4569 1181 4628; x_wconf 85' lang='lat' dir='ltr'>bunc</span> <span class='ocrx_word' id='word_1_313' title='bbox 1198 4569 1324 4628; x_wconf 70' lang='lat' dir='ltr'>omnim</span> <span class='ocrx_word' id='word_1_314' title='bbox 1338 4568 1497 4643; x_wconf 78' lang='lat' dir='ltr'>iliopoldm</span> <span class='ocrx_word' id='word_1_315' title='bbox 1507 4571 1555 4641; x_wconf 89' lang='lat' dir='ltr'>ibi,</span> <span class='ocrx_word' id='word_1_316' title='bbox 1566 4587 1629 4644; x_wconf 75' lang='lat' dir='ltr'>pag.</span> <span class='ocrx_word' id='word_1_317' title='bbox 1642 4573 1686 4642; x_wconf 79' lang='grc'>69,</span> <span class='ocrx_word' id='word_1_318' title='bbox 1700 4571 1772 4628; x_wconf 80' lang='lat' dir='ltr'>inter</span> <span class='ocrx_word' id='word_1_319' title='bbox 1791 4571 1906 4630; x_wconf 80' lang='lat' dir='ltr'>comites</span> <span class='ocrx_word' id='word_1_320' title='bbox 1918 4571 1952 4628; x_wconf 85' lang='lat' dir='ltr'>ds</span> 
     </span>
     <span class='ocr_line' id='line_1_34' title="bbox 542 4669 783 4744; baseline -0.008 -16"><span class='ocrx_word' id='word_1_321' title='bbox 542 4669 626 4744; x_wconf 74' lang='lat' dir='ltr'>Berge</span> <span class='ocrx_word' id='word_1_322' title='bbox 639 4669 783 4728; x_wconf 70' lang='lat' dir='ltr'>mcsusoei.</span> 
     </span>
    </p>
   </div>
   <div class='ocr_carea' id='block_1_4' title="bbox 0 0 2156 5928">
    <p class='ocr_par' dir='ltr' id='par_1_5' title="bbox 0 0 2156 5928">
     <span class='ocr_line' id='line_1_35' title="bbox 0 0 2156 5928; baseline 0 0"><span class='ocrx_word' id='word_1_323' title='bbox 0 0 2156 5928; x_wconf 95' lang='lat' dir='ltr'> </span> 
     </span>
    </p>
   </div>
  </div>
 </body>
</html>
