4382 5946
239 547 396 624 truncat]
686 539 882 601 HISTORIA
907 539 1197 602 lllPLOllll'l'lCll.
1585 533 1645 596 26¹1

239 681 391 754 animam
411 685 561 752 nostram
581 675 689 768 jurari
709 677 853 748 lecimus
871 674 966 770 quod
987 675 1022 746 iu
1044 675 1190 748 erastino
1208 673 1379 746 dominice
1396 671 1554 744 instantis
1574 695 1644 766 qua

241 803 433 890 cantabitur
449 799 658 892 Quaduwdo,
670 799 813 872 Mariam
826 798 932 870 filiam
943 808 1092 906 nostram
1108 821 1188 870 cum
1201 796 1353 871 dotalitio
1368 819 1432 870 suo
1450 795 1563 869 eidem
1578 795 1645 870 da-

241 913 356 999 bimus
369 927 405 998 in
419 945 578 1014 uxorem,
590 931 626 996 et
638 923 683 995 ab
693 943 734 994 ea
747 923 805 996 die
818 946 888 1016 qua
900 945 974 996 eam
986 923 1126 996 duxerit
1135 924 1170 994 in
1180 945 1325 996 uxorem
1339 923 1374 992 in
1388 931 1487 994 autea
1502 922 1647 1015 singulis

241 1053 341 1124 annis
363 1057 544 1124 sexcentas
565 1047 669 1118 libras
688 1047 895 1119 Parisieuses
910 1066 997 1140 quas
1012 1048 1139 1118 habore
1159 1047 1263 1121 debet
1278 1047 1314 1118 in
1333 1045 1514 1118 Bolonesio
1534 1046 1648 1142 ipsum

242 1175 370 1247 babere
385 1173 551 1245 faciemus
568 1170 664 1266 apud
682 1172 796 1263 Kales,
818 1171 1035 1244 medietatem
1053 1172 1098 1245 ad
1121 1173 1244 1243 festum
1267 1171 1382 1243 Sancti
1404 1171 1543 1244 Joannis
1558 1171 1648 1265 Bap-

242 1299 320 1368 tista
345 1305 380 1369 et
403 1292 621 1368 medietatem
645 1291 692 1366 ad
714 1293 833 1366 Natale
855 1294 1007 1383 Domini3
1033 1293 1081 1365 ita
1106 1302 1219 1366 tamen
1250 1293 1346 1388 quod
1372 1295 1401 1366 si
1427 1293 1582 1366 eschaeta
1604 1295 1648 1366 de

242 1421 422 1492 Bolonesio
440 1417 487 1491 ad
502 1441 582 1490 euru
600 1414 791 1508 devenerit,
810 1439 856 1490 ex
876 1425 958 1488 tuuc
974 1438 1036 1490 nos
1056 1437 1126 1489 nou
1143 1417 1337 1490 tenebimur
1354 1418 1386 1490 ei
1412 1416 1557 1490 reddere
1571 1439 1650 1512 pre·

244 1543 353 1618 dictas
370 1552 551 1616 sexcentas
575 1543 693 1614 libras.
707 1542 850 1636 Insuper
869 1551 905 1614 et
921 1541 1191 1636 quadringentas
1210 1543 1313 1613 libras
1334 1541 1489 1631 ejusdem
1515 1549 1651 1614 monete

242 1689 331 1760 quas
355 1667 388 1738 ei
413 1666 459 1740 de
483 1665 583 1739 feodo
605 1665 785 1757 dedimus,
807 1665 919 1738 eidem
948 1667 1124 1738 annuatim
1154 1663 1339 1737 reddemus
1358 1665 1393 1735 in
1411 1663 1650 1736 Purificatione

243 1791 346 1862 Beate
370 1789 488 1862 llarie.
511 1789 721 1882 Rogabimns
741 1789 844 1862 etiam
867 1789 1083 1862 karissimum
1106 1791 1242 1862 fratrem
1267 1800 1303 1868 et
1324 1789 1473 1860 amioum
1497 1800 1651 1860 nostrum

244 1911 455 1984 Friderioum
481 1913 712 1984 Romanorum
741 1933 878 2006 regem,
907 1935 986 1984 com
1015 1913 1128 1985 eidem
1161 1913 1398 2006 hommagium
1429 1911 1546 1984 lecerit
1576 1923 1652 2008 post

245 2037 395 2110 reditum
412 2046 567 2110 nostrum
586 2037 630 2111 de
647 2036 789 2132 Anglia,
810 2045 849 2108 ut
868 2037 982 2110 eidem
1001 2036 1084 2110 duci
1103 2045 1138 2110 et
1155 2035 1225 2108 lilio
1245 2059 1309 2109 suo
1326 2035 1450 2108 reddat
1466 2037 1524 2127 jus
1547 2059 1649 2110 suum

245 2163 391 2255 integre,
404 2183 482 2234 cum
500 2162 593 2234 omni
608 2181 650 2234 eo
668 2159 764 2256 qnod
780 2161 960 2256 Philippus
974 2162 1150 2254 quondam
1164 2183 1228 2233 rex
1245 2163 1475 2234 Romanorum
1493 2163 1649 2254 ejusdem

245 2285 408 2358 Fridorici
431 2286 625 2359 avunculus
648 2285 680 2359 ei
706 2282 816 2358 dedit.
844 2285 880 2356 Si
909 2293 1024 2357 autem
1050 2285 1215 2356 Dominus
1242 2287 1335 2359 Deus
1365 2307 1454 2382 opus
1480 2287 1575 2382 quod
1607 2288 1651 2360 de

246 2409 371 2502 Anglia
389 2409 582 2506 incepimus
606 2409 708 2482 nobis
728 2407 862 2482 dederit
882 2407 1026 2480 feliciter
1048 2429 1302 2501 consummare,
1325 2432 1388 2483 nos
1412 2412 1543 2506 prelato
1567 2410 1650 2483 duci

245 2535 465 2608 restituemus
478 2535 558 2628 jura
571 2556 635 2607 sua
645 2555 715 2629 que
727 2533 858 2606 ibidem
873 2533 1062 2606 dinoscitur
1074 2531 1250 2608 babuisse.
1269 2535 1370 2620 Quod
1387 2544 1426 2607 ut
1441 2545 1565 2626 ratum,
1581 2545 1647 2608 ete.

294 2659 418 2732 Actum
434 2659 632 2752 Suessione,
651 2679 743 2732 auno
759 2659 896 2732 Domini
914 2657 1100 2732 M⁰CC⁰Xll⁰
1118 2657 1182 2755 (l),
1203 2681 1321 2734 mense
1333 2659 1461 2754 aprilis.

298 2940 443 3041 [Extant
460 2943 577 3015 ibidem
599 2954 699 3035 recto,
719 2965 799 3016 cum
813 2941 902 3014 uotis
918 2941 1167 3036 chronologicis
1184 2941 1315 3017 eisdem
1333 2943 1429 3017 etde
1447 2965 1486 3016 re
1510 2943 1652 3034 eadem,

247 3067 292 3138 Η.
313 3066 412 3139 ducis
427 3067 665 3160 Lotbaringiae
684 3067 827 3160 litterae,
847 3089 995 3161 quarum
1012 3067 1126 3139 locum
1144 3065 1190 3139 ad
1208 3065 1418 3140 Fridericum
1433 3077 1586 3142 nostrum
1604 3081 1656 3144 at·

247 3191 411 3262 tinentem
429 3191 709 3264 transcribimus:

301 3337 319 3382 u
337 3315 471 3388 Juvabo
486 3315 661 3388 bonafide
676 3323 793 3388 eontra
808 3338 929 3390 omues
947 3316 1102 3390 bomiues
1117 3326 1152 3390 et
1163 3317 1307 3392 laminas
1320 3319 1381 3413 qui
1391 3319 1526 3414 possint
1538 3320 1658 3394 vivere

249 3445 285 3510 et
312 3439 418 3530 mori,
447 3447 665 3534 preterquam
696 3448 814 3514 contra
842 3440 1010 3513 illustrem
1038 3442 1269 3514 Romanorum
1300 3463 1417 3537 regem
1447 3441 1657 3518 Fridericum

252 3559 421 3654 quamdin
446 3562 576 3636 vixerit
601 3586 667 3637 rex
694 3565 945 3656 Romanorum,
969 3565 1023 3638 vel
1049 3574 1267 3662 preterquam
1285 3577 1402 3640 contra
1419 3569 1517 3640 illum
1533 3568 1595 3664 qui
1616 3567 1661 3642 de

250 3705 394 3758 assensu
420 3685 551 3758 domiui
573 3689 641 3761 mei
665 3689 756 3782 regis
773 3690 984 3783 ¹Francorum
1006 3689 1155 3786 Philippi
1177 3691 1307 3764 electus
1330 3701 1420 3766 esset
1447 3694 1483 3765 in
1507 3693 1663 3789 impera-

252 3817 360 3880 torem
380 3811 609 3886 Romanorum
635 3805 683 3885 ab
706 3805 773 3884 illis
797 3815 858 3910 qui
884 3822 1082 3908 potestatem
1106 3813 1235 3888 habent
1257 3817 1428 3912 eligendi,
1452 3817 1482 3889 si
1509 3818 1596 3890 forte
1617 3817 1661 3891 da

250 3931 405 4028 prediolo
422 3931 595 4008 Friderico
609 3935 810 4009 humanitus
828 3937 1014 4032 accideret,
1035 3963 1053 4008 n
1071 3935 1155 4038 etc]

486 4189 756 4203 m
1341 4197 1423 4210 *οὔ

305 4400 536 4508 Fridericus‚
566 4403 828 4488 Romanorum
858 4431 945 4517 rex,
975 4409 1156 4493 fratribus
1187 4410 1358 4495 coenobii
1389 4411 1429 4493 in
1464 4411 1663 4498 Eberbach
1694 4437 1852 4548 wodilo,

1726 4549 1750 4593 l·
1762 4549 1824 4592 mall.

287 4663 328 4736 (t)
347 4665 457 4724 Scilicet
468 4673 531 4726 ante
545 4669 676 4746 Paschae,
688 4687 757 4748 qnae
769 4672 822 4732 boc
835 4688 905 4732 anuo
919 4673 946 4732 in
957 4673 1029 4732 diem
1042 4681 1168 4750 quntum
1181 4675 1315 4734 ἁωίωυω
1324 4675 1418 4751 aprilis
1427 4677 1590 4740 incidebant.
