4382 5946
565 552 626 615 298
1063 553 1275 617 reluuulcl
1299 555 1473 617 sucuuul
1779 553 1861 638 [An.
1879 557 1967 620 1214.

569 709 633 762 rex
650 686 787 783 sycilie.
808 685 894 778 Regi
913 707 1034 779 regum
1050 688 1122 760 Deo
1140 691 1366 786 omnipotenti
1389 691 1524 786 placere
1541 685 1715 762 credimus
1730 697 1766 760 et
1779 688 1826 762 ad
1843 699 1966 762 utrius-

567 833 637 906 que
662 811 735 884 vile
758 809 859 882 nobis
882 809 1047 904 prodesse
1069 812 1283 906 felicitatem,
1307 813 1338 886 si
1361 812 1550 888 commodis
1572 812 1725 886 locorum
1750 833 1819 906 que
1840 813 1967 886 divinis

568 935 760 1029 mancipata
776 942 857 1006 sunt
876 933 1051 1028 obsequiis
1071 935 1254 1030 providere
1273 937 1470 1010 curavimus
1490 943 1525 1008 et
1541 935 1585 1008 de
1600 936 1730 1008 collatis
1744 936 1845 1008 nobis
1861 959 1881 1008 a
1895 939 1965 1009 Deo

567 1079 709 1130 manum
727 1057 811 1153 ipsis
834 1057 1050 1152 porreximus
1076 1058 1256 1151 largitatis.
1275 1057 1596 1132 Animadvertentes
1620 1058 1726 1154 igitur
1745 1059 1889 1132 multam
1911 1079 1965 1130 re·

566 1182 727 1272 ligionem
752 1181 947 1276 pariterque
969 1179 1180 1254 honestatem
1200 1182 1325 1256 domus
1340 1183 1518 1280 hospitalis
1538 1180 1673 1254 mirifici
1689 1183 1891 1256 confessoris
1904 1182 1964 1254 Dei

565 1306 677 1378 Sancti
694 1303 850 1396 Antonii,
871 1304 936 1378 site
952 1304 988 1376 iu
1007 1304 1136 1378 diooesi
1154 1306 1339 1380 Viennensi
1354 1306 1425 1403 (l),
1438 1305 1604 1402 quodque
1622 1305 1830 1402 pauperibus
1845 1304 1963 1378 Christi

564 1431 599 1500 in
613 1430 687 1501 loco
705 1429 826 1502 eodem
845 1429 1025 1502 innumero
1040 1429 1190 1502 caritatis
1204 1429 1371 1502 beneficia
1386 1430 1569 1503 liberaliter
1582 1439 1777 1523 erogentur,
1794 1429 1963 1502 uniuersis

565 1554 699 1650 imperii
720 1551 882 1627 fidelibus
902 1563 971 1626 tam
993 1553 1209 1648 presentibus
1230 1575 1335 1648 quam
1356 1555 1480 1626 futuris
1495 1554 1665 1628 'duximus
1683 1551 1962 1626 innotescendum

565 1676 659 1770 quod
675 1697 738 1750 nos
750 1676 863 1750 eidem
877 1677 997 1750 domui
1011 1677 1189 1772 hospitalis
1207 1677 1244 1750 in
1261 1676 1458 1750 subsidium
1472 1675 1728 1752 sustentationis
1744 1677 1873 1750 ibidem
1890 1677 1961 1748 lan·

564 1801 740 1896 guenlium
754 1800 951 1892 bominum,
962 1821 1024 1897 pro
1037 1803 1147 1876 salute
1159 1811 1275 1876 nostra
1287 1809 1323 1875 et
1334 1800 1487 1876 remedio
1500 1801 1693 1876 animarum
1710 1801 1960 1898 progenitorum

564 1935 773 2016 nostrorum,
794 1924 1000 2000 donavimus
1023 1936 1058 2000 et
1077 1936 1243 2022 perpetuo
1262 1927 1480 2023 proprietatis
1500 1927 1599 2000 titulo
1619 1924 1865 2022 possidendum
1882 1946 1960 1998 oon·

564 2048 778 2123 firmavimus
789 2051 848 2143 jus
861 2058 1060 2146 patronatus
1077 2049 1221 2124 ecclesie
1238 2059 1353 2124 nostre
1367 2051 1411 2124 de
1425 2051 1674 2145 Memmingeu,
1693 2050 1730 2120 in
1747 2048 1876 2122 diocesi
1891 2046 1961 2122 Au·

564 2174 717 2269 gustensi
742 2173 941 2262 constitute,
958 2195 1038 2248 cum
1060 2174 1140 2248 dcte
1165 2185 1199 2248 et
1224 2175 1424 2248 bominibus
1451 2176 1631 2271 utriusque
1655 2195 1762 2248 sexus
1783 2175 1831 2248 ad
1854 2173 1960 2268 ipsam

562 2297 814 2393 pertinentibus
830 2297 1007 2371 ecclesiam
1023 2306 1057 2374 ut
1072 2319 1151 2371 cum
1168 2281 1340 2373 universis
1353 2299 1502 2392 justiciis
1517 2299 1590 2372 suis
1606 2306 1640 2372 et
1654 2297 1858 2388 rationibus,
1874 2295 1961 2368 sicut

562 2421 795 2517 progenitores
816 2421 922 2495 nostri
946 2443 1022 2496 eam
1047 2422 1287 2517 possederunt,
1307 2433 1343 2496 et
1359 2445 1422 2496 nos
1444 2443 1584 2518 quoque
1599 2423 1710 2518 ipsam
1730 2421 1896 2492 hactenus
1912 2431 1960 2492 te·

561 2545 701 2618 nuimus
720 2554 755 2620 ut
778 2545 1013 2640 possedimus3
1036 2555 1222 2620 statuenloe
1242 2545 1383 2620 firmiter
1404 2557 1444 2620 ut
1461 2548 1628 2643 prelibato
1645 2547 1769 2620 domus
1787 2545 1961 2639 hospitalis

560 2669 676 2744 Sancti
701 2669 841 2744 Antonii
870 2671 1006 2762 fratres,
1032 2671 1197 2766 quoniam
1223 2671 1402 2745 eeclesiam
1428 2672 1575 2746 eandem
1598 2693 1660 2768 per
1683 2691 1826 2744 manum
1850 2668 1961 2742 fratris

558 2794 701 2868 Bosonis
718 2795 768 2868 eis
785 2794 1008 2868 contraditam
1023 2795 1286 2890 transmisimus,
1304 2796 1447 2870 liberam
1460 2793 1507 2870 de
1525 2797 1601 2892 ipsa
1617 2794 1713 2868 omni
1729 2801 1880 2888 temporo
1899 2813 1959 2888 pro

559 2919 706 2992 utilitate
727 2940 791 2992 sua
817 2918 1023 3015 disponendi
1042 2919 1193 2994 babeant
1210 2921 1419 2994 facultatem.
1436 2919 1492 2992 Ad
1508 2919 1614 3012 hujus
1633 2927 1748 2992 autem
1768 2915 1959 2990 donationis

559 3051 594 3116 et
620 3041 887 3117 confirmationis
910 3052 1024 3116 nostre
1044 3045 1150 3118 robur
1174 3051 1399 3140 perpetuum,
1422 3043 1512 3116 banc
1535 3043 1699 3140 paginam
1724 3039 1855 3114 exinde
1881 3061 1958 3114 oon·

559 3167 722 3262 scriptam
739 3166 844 3262 sigilli
862 3167 968 3242 nostri
986 3167 1182 3242 charactera
1194 3169 1361 3262 jussimus
1378 3167 1594 3242 communiri.

607 3293 722 3366 Testes
747 3291 798 3364 bii
820 3300 901 3366 sunt
919 3290 1067 3368 Silridus
1082 3292 1305 3388 blagunlinus
1330 3291 1629 3388 archiepiscopus,
1656 3289 1841 3386 apostolice
1862 3287 1957 3362 Sedis

559 3419 713 3512 legatus,
733 3415 911 3492 Conradus
926 3417 1089 3490 Metensis
1105 3427 1139 3491 et
1163 3417 1334 3514 Spirensis
1350 3417 1551 3514 episeopus,
1571 3415 1757 3513 imperialis
1774 3416 1854 3488 aule
1872 3437 1956 3489 can-

561 3543 734 3630 cellarius,
758 3541 947 3640 Liupoldus
964 3543 1225 3616 wormatiensis
1253 3541 1455 3638 episcopus,
1474 3561 1589 3614 comes
1609 3539 1769 3614 Albertus
1794 3537 1839 3612 de
1859 3537 1954 3612 llvir·

559 3667 666 3759 stein,
686 3665 891 3741 Bertboldus
915 3666 961 3739 de
977 3667 1088 3740 Nillen
1107 3675 1142 3740 et
1165 3667 1344 3740 Heinricus
1366 3663 1459 3738 lilius
1478 3665 1570 3758 ejus,
1591 3662 1801 3738 Wernberus
1819 3671 1854 3736 et
1875 3661 1954 3734 Pbi-

559 3792 676 3889 llppus
692 3793 812 3864 iratres
830 3791 875 3866 du
892 3791 1080 3884 Bolandia,
1097 3800 1132 3865 et
1146 3791 1204 3864 alii
1217 3791 1449 3888 quamplures.

608 3917 733 3990 Datum
757 3915 960 4005 Wormatie,
982 3936 1074 3988 anuo
1086 3915 1268 3998 ,dominice
1286 3913 1528 3989 incarnationis
1544 3911 1724 3986 millesimo
1747 3909 1895 4002 CUXW,
1911 3908 1954 3981 Xl

560 4039 726 4116 kalendas
741 4039 867 4132 madii,
884 4037 1071 4113 indictione
1088 4039 1118 4112 ll
1134 4037 1200 4138 (2).

1818 4200 1954 4217 ω

597 4307 633 4384 (l)
650 4306 701 4364 llic
714 4321 767 4364 non
778 4305 872 4378 egitur,
884 4303 1033 4378 etquidem
1042 4309 1070 4362 et
1083 4304 1141 4379 ipse
1152 4304 1286 4377 llormeyr
1295 4299 1503 4378 putaveruntde
1515 4297 1630 4358 dioecesi
1639 4293 1783 4356 Viennensi
1796 4293 1824 4350 in
1836 4291 1954 4360 Austris,

558 4407 607 4466 sed
620 4405 654 4463 de
667 4405 769 4464 Vienna
782 4403 967 4477 Allobrogum,
983 4402 1011 4459 in
1031 4400 1231 4476 Delpbiuatu.ll
1250 4399 1425 4458 celeberrima
1441 4399 1513 4456 enim
1529 4397 1618 4455 Smcti
1636 4393 1743 4454 Antonii
1762 4390 1870 4450 abbatia
1889 4390 1955 4447 iuter

559 4509 664 4564 montes
680 4503 767 4562 tribus
780 4502 862 4562 leucis
875 4518 892 4560 a
905 4499 1166 4562 smctollacellino
1181 4503 1316 4570 oannem,
1331 4497 1446 4572 burgum
1463 4495 1578 4555 nominis
1595 4493 1716 4568 ejsudem
1733 4505 1809 4550 suanm
1827 4487 1954 4561 originem

557 4609 977 4775 trag)⁸·1joemuonumoic·
994 4693 1088 4772 (llio,
1099 4700 1155 4754 not.
1170 4693 1206 4770 b),
1219 4693 1328 4754 indictio
1338 4697 1445 4754 notetur
1454 4691 1531 4770 quasi
1540 4691 1576 4752 sit
1585 4687 1749 4764 nepigenter
1761 4683 1954 4759 scriptamque
