4378 5954
1056 579 1271 642 nmmo!
1294 579 1472 640 sttctxbt
1781 573 1860 654 [llu-
1876 575 1964 637 tm.

356 1159 525 1260 ,3222
602 1145 844 1232 Innocentius
861 1176 961 1259 papa
980 1151 1175 1234 nnirmsos
1191 1149 1349 1232 comites
1366 1159 1405 1230 et
1420 1146 1584 1230 barones
1602 1173 1670 1255 per
1685 1172 1848 1254 regnum
1866 1143 1967 1227 Sici-

550 1277 624 1362 liae
649 1283 874 1366 constitutos
902 1285 1039 1367 acriter
1063 1284 1246 1395 objurgat
1270 1284 1377 1394 quod
1402 1283 1485 1393 regi
1511 1281 1702 1364 Friduieo
1726 1280 1964 1363 neoaesitatoe

548 1414 778 1524 multiplices
785 1418 942 1526 patienti
952 1418 1182 1528 (l)innullo
1189 1418 1338 1528 dignati
1346 1416 1489 1499 lumiut
1497 1413 1902 1498 subrenireetuullum
1914 1412 1965 1493 ad

548 1547 677 1656 ipsum
695 1563 909 1660 respectum
926 1550 1150 1656 habuerint,
1165 1550 1352 1660 jubetque
1368 1559 1413 1632 ut
1428 1549 1651 1632 festinatum
1666 1548 1851 1632 ouantei
1868 1545 1965 1630 sub-

550 1681 692 1764 sidium
719 1683 759 1764 in
786 1684 968 1766 omnibus
991 1685 1214 1768 necessariis
1239 1685 1437 1791 exhibea,
1462 1684 1537 1770 sub
1556 1709 1681 1794 poma
1702 1707 1852 1766 sesmae
1868 1707 1963 1790 per-

550 1817 739 1899 cussionis
756 1817 797 1898 in
815 1817 991 1901 rebelles.

633 2035 786 2112 (micae
802 2035 1047 2114 bmm,Epirt
1066 2035 1167 2097 lucc.
1187 2035 1250 2110 111,
1265 2035 1420 2108 ritum.
1441 2034 1494 2109 11,
1512 2051 1544 2112 p.
1565 2037 1629 2108 19.)

603 2224 728 2296 Datum
740 2224 904 2315 Tuscum,
924 2223 1033 2295 XVlll
1050 2223 1220 2296 kalendas
1235 2223 1434 2296 novembris
1451 2221 1689 2318 (momnis),
1703 2241 1798 2292 anno
1811 2217 1960 2293 decimo.

360 2797 518 2894 ¹¹:2me
604 2782 817 2867 Fridericus
833 2808 901 2866 rex
919 2781 1070 2864 Siciliae
1086 2781 1279 2864 canonicis
1296 2779 1578 2864 Panormitunis
1599 2778 1771 2864 oouoedit
1790 2787 1829 2860 et
1848 2777 1965 2859 donat

379 2853 499 2952 ξω
550 2917 591 2999 in
609 2927 835 3028 perpetuum
851 2943 969 3026 prope
985 2915 1177 2998 civitatem
1193 2915 1373 2998 Panormi
1398 2916 1439 2996 in
1466 2914 1625 2998 flumine
1651 2911 1846 2996 laudabas
1871 2933 1964 2990 mo-

550 3050 751 3134 lendinum
781 3051 887 3160 quod
916 3051 1115 3159 quondam
1145 3049 1410 3133 molendinum
1427 3051 1580 3132 Arcadii
1610 3047 1832 3150 uocabatur,
1852 3053 1965 3154 atque

553 3183 710 3268 barcam
739 3209 858 3268 unam
890 3183 942 3264 ad
972 3209 1088 3266 usum
1113 3184 1286 3294 piscandi
1315 3183 1356 3266 in
1382 3192 1497 3294 portu
1522 3181 1703 3270 Panormi
1729 3181 1812 3266 sine
1837 3178 1968 3286 aliqua

553 3317 729 3402 dobauae
746 3342 838 3399 suae
855 3315 1065 3398 exactione.

635 3530 984 3607 (Pelides-Pmuaseit
996 3549 1090 3606 nera,
1107 3539 1128 3592 t
1143 3533 1170 3606 1.
1184 3551 1218 3611 p.
1234 3542 1380 3610 rao-rar,
1393 3551 1412 3596 e
1423 3533 1756 3614 mpprnrmgrorunr
1768 3533 1832 3608 ipra
1843 3529 1965 3590 tronar-

674 3657 766 3715 rou,
781 3637 885 3701 bullae
896 3637 989 3700 usus.
1004 3641 1183 3713 Peruenit..
1198 3658 1229 3718 p.
1246 3645 1311 3718 rs.)

605 3829 644 3900 lu
659 3828 799 3901 nornine
811 3829 873 3900 Dei
890 3829 997 3900 eterni
1012 3839 1047 3901 et
1059 3828 1246 3901 Salvaton's
1258 3832 1365 3902 nostri
1381 3831 1463 3902 lesu
1476 3827 1613 3901 Christi.
1631 3825 1755 3898 Arnen.
1769 3822 1965 3896 Fridericus

557 3952 677 4026 divina
704 3953 842 4024 favente
861 3952 1042 4023 clementia
1065 3973 1128 4024 rex
1145 3953 1282 4044 Sicilie,
1307 3954 1455 4027 ducatus
1470 3953 1596 4047 Apulia
1617 3961 1653 4023 et
1672 3949 1884 4044 principatus
1905 3945 1967 4016 &-

557 4099 639 4174 pue.
656 4077 743 4149 Cum
758 4075 971 4148 liberalitatis
986 4085 1101 4148 nostre
1120 4075 1357 4150 munificentia
1374 4078 1532 4174 personis
1548 4073 1788 4149 ecclesiasticis
1802 4067 1964 4143 beneficia

556 4213 654 4296 grata
670 4203 894 4292 conterimus,
913 4201 1138 4275 fundamenta
1157 4203 1262 4275 nostri
1282 4203 1444 4274 culminis
1467 4201 1588 4298 procul
1611 4197 1721 4272 dubio
1743 4195 1962 4278 roboramus;

555 4327 640 4422 quia
667 4326 769 4398 uobis
792 4347 835 4398 oa
860 4324 906 4398 ad
929 4325 1150 4420 temporalem
1173 4327 1279 4398 vitam
1305 4327 1448 4398 feliciter
1474 4321 1731 4415 uanmgeudam
1757 4330 1792 4392 et
1814 4329 1965 4392 aternam

592 4629 627 4700 (t)
646 4629 720 4684 Tunc
731 4629 804 4685 euim
816 4627 945 4701 temporis
958 4623 1125 4683 rebelabaut
1136 4625 1164 4683 iu
1176 4625 1267 4683 Sicilia
1280 4626 1432 4697 Sarraceui,
1441 4626 1569 4700 palatium
1580 4623 1799 4682 Panormitanum
1808 4617 1967 4674 willielmus

553 4721 674 4798 t’apparo
687 4725 775 4782 adbuc
785 4723 922 4782 detinebat
934 4731 1094 4799 occupatum
1107 4731 1135 4781 at
1148 4725 1294 4799 Diopuldus
1308 4725 1396 4783 denuo
1407 4727 1506 4782 Terrae
1517 4724 1628 4781 laboris
1641 4722 1731 4780 miuus
1744 4716 1903 4776 intentabat.
