4382 5946
534 541 595 604 2¹18
1036 534 1251 598 relunnlct
1275 535 1450 600 suctum
1758 539 1840 618 [An.
1856 538 1957 606 1213.

535 675 663 772 regalia
681 670 889 769 porrigebat,
901 679 935 744 et
953 671 1138 766 imperium
1156 670 1331 746 abbatiam
1348 670 1394 748 de
1407 671 1666 748 wizkenburch
1683 671 1731 747 ad
1745 695 1785 748 se
1802 675 1839 748 iu
1856 685 1956 750 tem-

534 801 710 899 poralibus
738 797 966 893 pertinentem
993 795 1030 867 in
1062 795 1216 892 Spirensi
1247 795 1378 870 diocesi
1405 796 1602 890 obtinebat;
1630 798 1831 894 dequibus
1859 801 1958 876 inter

535 927 652 1023 ipsum
685 921 868 1018 imperium
902 929 938 994 et
972 920 1139 1015 prolatam
1172 919 1368 1014 spirensem
1401 919 1582 994 ecelesim
1610 921 1834 996 cummutatio
1859 923 1958 998 ructa

536 1047 738 1145 proponitur
758 1043 803 1118 de
819 1042 995 1116 communi
1012 1050 1047 1114 et
1064 1041 1173 1116 libera
1190 1041 1369 1116 voluntate
1389 1067 1399 1113 r
1419 1062 1526 1136 quam
1544 1040 1743 1116 carissimus
1760 1042 1798 1114 in
1816 1041 1957 1118 eurise

535 1169 629 1242 filius
651 1175 766 1241 noster
784 1164 983 1240 Frederieus
1001 1164 1118 1236 Sicilie
1140 1185 1204 1236 rex
1222 1163 1380 1255 illustris,
1402 1163 1439 1234 in
1456 1163 1689 1236 Romanorum
1710 1163 1956 1260 imperatorem

535 1295 684 1384 electus,
708 1291 838 1364 obnixe
864 1289 962 1386 petiit
984 1287 1186 1362 auctoritate
1206 1285 1393 1382 apostoliea
1412 1283 1619 1358 confirmari.
1641 1285 1726 1378 Ejus
1748 1287 1855 1382 igitur
1871 1311 1957 1384 pre-

536 1419 634 1490 cibus
652 1415 819 1505 inclinati,
837 1413 1141 1488 commutationem
1159 1411 1288 1507 ipsam,
1308 1412 1399 1484 sicul
1416 1411 1493 1484 sine
1510 1411 1679 1507 pravitate
1696 1411 1843 1507 provide
1860 1414 1956 1490 tacta

536 1551 606 1634 est,
627 1549 663 1614 et
679 1541 724 1614 ab
747 1547 895 1634 utraque
915 1545 1012 1634 parte
1030 1544 1152 1633 sponte
1169 1545 1326 1632 recepte,
1344 1545 1379 1608 et
1394 1535 1431 1608 in
1455 1535 1608 1632 ipsarum
1632 1535 1850 1610 abbatiarum
1870 1537 1954 1612 dis-

537 1665 704 1764 pendium
731 1687 801 1739 uun
827 1661 1019 1752 redundat,
1038 1661 1242 1736 auctoritate
1258 1660 1448 1758 apostolice
1465 1657 1708 1735 confirmemus
1731 1671 1766 1734 et
1782 1664 1955 1759 presentis

537 1790 656 1886 scripti
675 1789 866 1885 patrocinio
886 1787 1153 1860 communimus.
1174 1785 1266 1860 Nulli
1280 1807 1380 1880 ergo,
1399 1793 1466 1860 etc.

586 1917 711 1986 Datum
730 1913 869 2006 Signis,
890 1913 950 1984 llll
971 1910 1051 1985 idus
1069 1909 1292 2007 septembris,
1311 1929 1403 1984 anno
1419 1903 1638 2006 pontificatus
1653 1906 1745 1982 xvl.

337 2513 514 2623 ²033&me
591 2491 832 2574 innocentius
859 2516 960 2602 pape
988 2489 1169 2602 Gregorio
1197 2487 1324 2574 Sancti
1347 2487 1535 2572 Theodori
1559 2487 1720 2572 diacono
1746 2487 1951 2592 corniculi,

539 2626 579 2707 in
598 2625 725 2710 Sicilia
742 2626 884 2738 legato,
904 2625 1064 2708 mandat
1081 2625 1185 2736 quod
1204 2624 1236 2708 si
1259 2622 1431 2706 nondum
1454 2621 1569 2706 fuerit
1594 2623 1773 2708 eclesiae
1798 2625 1953 2706 Panor-

540 2760 705 2842 mitanae
730 2758 779 2844 ab
806 2759 889 2868 ipso
914 2760 963 2842 de
990 2767 1141 2868 pastore
1164 2756 1382 2868 provisum,
1400 2755 1611 2838 Berardum
1629 2756 1954 2866 arehiepiscopum

543 2893 872 3002 Barensemquem
885 2891 1008 2975 eidem
1021 2890 1199 2975 ecclesiae
1212 2889 1950 2998 conceditimpostoremadmiltiiaciet.

624 3105 725 3184 (lidld.
738 3105 875 3177 Brunca,
891 3100 1011 3182 spect
1027 3103 1124 3164 lance.
1141 3103 1194 3174 111,
1211 3109 1236 3164 t.
1260 3103 1305 3177 ll,
1320 3119 1352 3182 p.
1368 3106 1452 3180 eol.)

590 3293 828 3380 innocentius,
848 3302 936 3384 ete,
960 3290 1142 3388 Gregorio,
1163 3293 1278 3366 Sancti
1304 3292 1474 3367 Theodori
1494 3293 1642 3368 diacono
1664 3293 1848 3388 cardinali,
1869 3317 1955 3392 apo-

543 3423 662 3495 stolice
685 3417 785 3492 Sedis
813 3419 947 3512 legato,
975 3427 1042 3492 etc.
1070 3417 1184 3492 Grave
1214 3417 1367 3511 gerimus
1390 3429 1426 3492 et
1445 3417 1631 3514 iudignum
1657 3419 1754 3514 quod
1780 3441 1861 3492 cum
1881 3422 1954 3514 jam

543 3545 740 3618 multotiens
766 3541 1047 3615 mandaverimus
1074 3563 1137 3638 per
1165 3551 1200 3614 te
1224 3543 1464 3616 Panormitaue
1488 3543 1632 3618 ecclesie
1656 3543 1694 3616 iu
1717 3553 1887 3640 pastorem
1910 3543 1955 3618 de

545 3689 689 3765 persona
707 3665 834 3739 idonea
851 3664 1045 3761 provideri,
1063 3666 1154 3738 sicut
1171 3667 1384 3762 accepimus,
1406 3667 1608 3742 mandatum
1625 3677 1781 3741 nostrum
1799 3667 1954 3742 noudum

544 3793 658 3867 extitit
675 3789 811 3864 effectui
830 3789 1076 3885 mancipatum.
1094 3791 1254 3864 Nolentes
1268 3793 1376 3885 igitur
1389 3791 1546 3884 ejusdem
1565 3791 1710 3866 ecclesie
1726 3793 1953 3888 provisionem

546 3917 688 3992 ulterius
704 3915 899 4011 prorogari,
920 3913 950 3986 si
970 3915 1056 3987 lorte
1071 3915 1228 3988 nondum
1246 3923 1298 3990 est
1314 3915 1364 3989 illi
1381 3915 1427 3990 de
1443 3925 1580 4013 pastore
1594 3917 1794 4014 provisum,
1811 3937 1954 3990 venera·

545 4045 651 4118 bilem
675 4042 812 4114 fratrem
841 4047 996 4111 nostrum
1025 4039 1249 4135 [Berardum]
1281 4041 1467 4116 Bereusem
1495 4041 1814 4138 arehiepiscopum,
1841 4041 1954 4115 virum

546 4171 636 4242 sicut
658 4165 894 4262 experimento
913 4165 1141 4258 cognovimus
1165 4165 1353 4262 providum
1378 4175 1412 4242 et
1429 4166 1630 4256 honestum,
1651 4188 1693 4240 ac
1715 4167 1815 4240 nobis
1837 4175 1873 4240 et
1893 4189 1956 4240 ca·

546 4293 681 4366 rissimo
695 4293 731 4364 in
746 4291 877 4364 Christe
891 4287 962 4362 filio
977 4297 1093 4363 nosue
1109 4289 1296 4378 Friderico,
1312 4291 1435 4364 illustri
1450 4291 1525 4387 regi
1538 4286 1666 4380 Sicilie,
1677 4291 1714 4364 in
1726 4292 1954 4364 Romanorum

546 4421 786 4514 imperatorem
808 4415 929 4505 eleeto,
959 4413 1125 4488 devotum
1150 4415 1279 4511 pariter
1304 4425 1340 4489 et
1363 4413 1520 4506 fidelem,
1537 4416 1653 4491 eidem
1669 4415 1814 4492 ecclesie
1830 4437 1958 4490 couce-

546 4543 663 4616 dimus
681 4541 717 4614 in
740 4549 929 4636 pastorem,
955 4537 1107 4635 capitulo
1131 4537 1290 4632 ejusdem
1311 4539 1455 4614 ecclesie
1480 4541 1606 4614 nostns
1630 4539 1754 4615 dautes
1778 4539 1900 4614 litteris
1922 4539 1958 4610 in

548 4665 717 4764 preceptis
739 4674 778 4738 ut
798 4661 913 4738 edem
938 4671 1104 4760 tunquam
1128 4663 1258 4760 pastori
1282 4685 1348 4739 euo
1368 4664 1550 4740 intendunt
1566 4665 1743 4740 humiliter
1764 4673 1800 4740 et
1816 4663 1955 4739 devote.
