4334 5980
560 542 618 606 192
1058 538 1274 602 intonaret
1298 539 1472 602 SECUNPI
1787 544 1868 622 [dar.
1887 544 1970 606 1211.

558 696 629 749 non
652 675 823 750 modicam
846 674 900 746 sui
920 673 1010 768 iuris
1036 673 1198 766 injuriam
1220 673 1360 769 patitur,
1381 696 1427 748 no
1453 683 1571 748 nosbo
1594 675 1684 749 felici
1705 685 1861 773 tompore
1880 681 1974 774 quod

560 821 661 895 passa
686 809 739 872 est
766 799 932 872 hactenus
958 797 1082 872 iterum
1111 799 1282 893 patiatur;
1309 799 1567 874 considerantes
1588 801 1685 895 quod
1712 801 1749 872 iu
1775 823 1818 876 ca
1844 825 1974 876 sacram

560 923 758 996 unctionem
780 932 814 996 et
832 923 966 1017 regium
988 923 1206 1017 suscepimus
1228 920 1409 1016 diadema,
1430 923 1707 998 consideratione
1726 947 1868 1020 quoque
1894 927 1974 1000 iidei

561 1057 598 1121 et
620 1047 706 1142 grati
725 1046 857 1120 servitii
875 1045 970 1141 quod
993 1067 1057 1120 voe
1081 1045 1206 1138 Parisi,
1225 1045 1424 1120 venerande
1441 1045 1683 1120 Panormitano
1701 1048 1828 1140 electe,
1854 1050 1976 1124 dilecte

561 1171 739 1244 familiaris
753 1179 788 1242 et
803 1169 918 1244 iidelis
933 1177 1060 1260 noster,
1077 1178 1111 1242 et
1129 1170 1287 1244 canonici
1303 1170 1413 1266 ipsius
1432 1171 1578 1246 ecclesie
1594 1169 1716 1246 fideles
1728 1175 1835 1246 nostri
1849 1175 1886 1246 iu
1898 1197 1977 1248 onr-

562 1295 666 1368 nibus
679 1295 777 1391 regui
791 1296 898 1368 nostri
912 1295 1060 1388 negotiis
1078 1291 1114 1366 iu
1133 1295 1238 1370 rebus
1253 1305 1288 1370 et
1304 1296 1459 1392 personis
1475 1295 1575 1370 nobie
1589 1297 1755 1372 fructuosi
1769 1299 1972 1394 perstitistis,

562 1421 607 1495 de
632 1421 750 1494 innata
774 1419 966 1493 serenitatis
992 1427 1107 1493 nostre
1136 1419 1246 1514 gratia
1278 1420 1402 1494 vestris
1427 1419 1739 1516 supplicationibus
1767 1435 1974 1514 annuentes,

561 1545 674 1642 ipsam
692 1545 872 1618 ecclesiam
890 1567 971 1617 cum
985 1544 1148 1617 omnibus
1164 1544 1265 1618 bonis
1285 1545 1359 1618 suis
1380 1544 1470 1618 sicut
1485 1545 1552 1617 sub
1565 1545 1707 1641 speciali
1727 1548 1912 1640 regimine,
1927 1549 1976 1622 sic

561 1669 629 1742 sub
643 1669 785 1765 speciali
798 1669 1009 1764 protectione
1024 1668 1175 1742 tenerius
1188 1669 1287 1742 solito
1302 1679 1534 1759 assumentes,
1545 1670 1648 1742 vobis
1660 1681 1695 1742 et
1707 1669 1822 1744 eidem
1836 1671 1977 1744 ecclesie

563 1794 601 1866 in
621 1803 828 1890 perpetuum
852 1792 1076 1866 concedimus
1093 1803 1128 1866 et
1148 1791 1391 1868 confirmamus
1411 1813 1531 1866 omues
1549 1792 1708 1866 redditus
1731 1803 1766 1866 et
1785 1795 1977 1890 prebendas

563 1925 697 1990 vestras
719 1915 829 2011 ipsius
845 1914 1008 2004 ecclesie;
1031 1913 1236 1988 mandantes
1260 1923 1296 1988 et
1315 1913 1458 1988 firmiter
1479 1915 1709 2012 precipientes
1728 1927 1767 1989 ut
1788 1925 1858 1990 mm
1879 1919 1977 1991 vobis

562 2063 669 2136 quam
684 2040 942 2114 successoribus
959 2039 1083 2113 vestris
1103 2047 1174 2112 mm
1195 2038 1352 2112 redditus
1372 2039 1527 2136 ipsarum
1548 2039 1802 2136 prebendarum
1821 2064 1927 2136 quam
1944 2055 1978 2115 et

565 2165 632 2238 alia
651 2167 729 2258 jura
745 2163 890 2238 ecclesie
907 2185 968 2258 per
987 2163 1169 2258 magistms
1188 2163 1299 2259 ipsius
1317 2161 1455 2236 dohane
1476 2173 1591 2236 nostre
1608 2187 1629 2237 a
1647 2163 1785 2238 dobana
1802 2175 1917 2238 nostra
1934 2165 1978 2238 de

565 2284 728 2358 omnibus
752 2282 947 2356 redditibus
970 2282 1119 2356 civitatis
1144 2293 1260 2356 nostre
1286 2281 1544 2375 Panormitano,
1569 2293 1639 2356 tam
1666 2283 1712 2357 de
1735 2283 1791 2358 bis
1815 2285 1877 2380 qui
1901 2295 1979 2358 sunt

564 2406 671 2480 hodie
691 2407 728 2478 in
749 2406 910 2479 manibus
929 2405 1053 2479 vestris
1074 2428 1180 2500 quam
1206 2407 1283 2478 aliis
1306 2405 1587 2502 quibuscumque
1606 2409 1780 2482 concessis
1803 2411 1861 2482 vel
1887 2409 1980 2484 asei-

565 2531 692 2627 gnatis,
703 2531 836 2624 integre
848 2540 883 2604 et
895 2530 971 2602 siue
985 2529 1213 2604 diminutione
1228 2529 1343 2624 aliqua
1354 2529 1455 2602 aunis
1467 2530 1614 2624 siugulis
1626 2532 1878 2626 persolvantur,
1892 2533 1980 2606 sicut

565 2667 719 2753 tempore
733 2657 825 2751 regis
847 2656 1007 2728 Wiiielmi
1027 2655 1056 2727 11
1077 2655 1167 2728 boue
1189 2655 1352 2728 memorie
1374 2655 1611 2745 solvebantur,
1635 2655 1711 2728 sive
1729 2666 1885 2728 crescant
1905 2657 1979 2730 sive

566 2781 767 2880 decrescent
778 2780 912 2854 reditus
924 2780 1034 2874 ipsius
1050 2779 1200 2852 civitatis
1213 2779 1473 2852 Panormitano:
1491 2778 1619 2852 scilicet
1632 2779 1727 2852 omni
1740 2802 1832 2852 anno
1844 2790 1979 2855 tarenos

566 2907 692 3002 viginti
710 2916 745 2980 et
762 2926 889 2980 novem
910 2904 1017 2978 millia
1034 2913 1069 2978 at
1084 2903 1269 2996 ducentos,
1289 2904 1384 2978 omni
1399 2902 1563 2978 videticet
1580 2925 1697 2976 meuse
1705 2905 1809 2996 juxta
1822 2907 1979 3000 equalem

567 3032 759 3126 portionem
780 3030 948 3125 ipsorum,
967 3038 1003 3102 et
1024 3027 1150 3122 viginti
1170 3036 1206 3100 et
1222 3047 1347 3101 novem
1371 3027 1519 3100 millium
1541 3026 1767 3100 ducentorum
1786 3037 1981 3102 tarenomm

568 3153 616 3228 ad
631 3155 770 3252 pondus
787 3154 967 3246 Panormi,
986 3153 1032 3228 ad
1053 3156 1304 3248 cujuscumque
1322 3175 1446 3226 manns
1464 3151 1596 3226 reditus
1615 3152 1726 3248 ipsius
1744 3153 1894 3227 civitatis
1913 3154 1982 3227 sint

567 3281 625 3354 vel
642 3301 863 3375 quocumque
877 3277 981 3352 modo
997 3277 1219 3374 pervenerint
1237 3277 1273 3348 iu
1291 3278 1424 3368 iuturc3
1443 3285 1478 3350 et
1496 3285 1534 3349 ut
1551 3275 1597 3350 de
1614 3278 1786 3350 frumento
1806 3287 1981 3374 portarum

568 3405 728 3478 Panormi
754 3404 912 3478 babeatis
938 3403 1063 3476 salmas
1089 3402 1256 3476 ducentas
1282 3411 1318 3474 et
1339 3401 1461 3476 bordei
1487 3400 1614 3474 salmas
1636 3401 1857 3496 septuaginta
1880 3411 1916 3474 et
1939 3401 1983 3476 de

569 3529 682 3602 vineis
703 3531 827 3604 neonis
847 3529 953 3602 musti
976 3529 1056 3625 puri
1079 3530 1220 3623 lagenas
1241 3548 1385 3622 maguae
1404 3525 1573 3600 ducentas
1594 3534 1629 3598 et
1655 3523 1702 3600 de
1727 3525 1819 3623 pade
1842 3528 1983 3622 lagenas

541 3661 708 3734 ,centum
732 3663 768 3726 et
789 3651 834 3726 de
856 3651 1004 3746 jardiuie
1029 3651 1167 3726 dohaue
1188 3659 1304 3724 nosue
1326 3659 1462 3724 tarenos
1482 3650 1701 3747 septuaginta
1726 3651 1895 3746 quinque.
1922 3653 1983 3724 ln·

569 3797 676 3874 super
692 3776 795 3850 etiam
813 3777 1035 3852 concedimus
1052 3786 1088 3850 et
1104 3785 1269 3872 perpetuo
1287 3773 1531 3849 confirmamus
1549 3774 1650 3848 vobis
1670 3784 1706 3848 et
1720 3775 1836 3850 eidem
1854 3776 1982 3850 Panor-

569 3900 699 3974 mitano
720 3900 864 3974 ecclesie
885 3899 975 3974 duas
999 3899 1192 3994 prebendas
1210 3908 1330 3994 portus
1352 3908 1387 3970 et
1414 3897 1503 3971 duas
1527 3898 1613 3970 alias
1636 3897 1829 3993 prebendas
1851 3919 1980 3987 novas,

567 4047 849 4122 unamquamque
872 4024 918 4099 de
937 4024 1064 4098 tarenis
1083 4023 1244 4098 trecentis
1261 4023 1297 4094 in
1317 4021 1511 4097 redditibus
1531 4023 1769 4095 tunnariarum
1790 4031 1983 4096 nostrarum

567 4151 726 4226 Panormi
743 4149 923 4224 aunuatim
941 4146 1186 4245 percipiendis,
1203 4156 1238 4220 et
1253 4155 1403 4242 quatuor
1421 4143 1603 4235 beneficia,
1620 4143 1783 4220 videlieet
1796 4143 1984 4218 cantoriam

567 4286 603 4352 et
618 4275 878 4368 thesaurariam,
898 4272 1153 4348 subcantoriam
1169 4279 1205 4344 et
1219 4270 1508 4360 terminationem,
1525 4291 1675 4365 qnorum
1692 4269 1825 4343 reditus
1843 4269 1881 4342 iu
1899 4269 1985 4364 ipsis

568 4400 693 4494 viginti
722 4421 848 4474 novem
876 4399 1030 4472 millibus
1051 4405 1249 4472 tarenorum
1275 4405 1310 4468 et
1331 4395 1560 4470 ducentorum
1587 4394 1817 4468 eontinentur.
1839 4396 1890 4468 De
1908 4395 1985 4486 jar-

571 4523 664 4598 diuis
680 4533 845 4620 preterea,
866 4521 1034 4612 cannetis,
1053 4520 1162 4594 bortis
1178 4530 1214 4592 et
1227 4519 1325 4592 terris
1342 4519 1479 4593 dohaue
1497 4527 1612 4592 nostra
1625 4519 1758 4612 integre
1772 4517 1853 4610 jura
1869 4525 1986 4590 vestra

509 4681 511 4686 ·
569 4657 605 4722 et
621 4649 764 4723 ecclesie
781 4648 883 4723 vobis
897 4649 1075 4722 solvmtur
1089 4645 1190 4721 aunis
1202 4645 1371 4740 singuiis,
1387 4645 1477 4718 sicut
1493 4643 1539 4718 da
1552 4643 1631 4716 aliis
1646 4641 1841 4718 redditibus
1858 4640 1986 4715 noscis
