4378 5954
255 583 351 643 lentur.
371 579 433 657 lu]
700 571 900 636 ltlsloulll
919 572 1214 636 ntetunnrlca.
1605 571 1662 634 ld'l

254 717 308 790 vir
325 717 430 788 irater
446 709 683 800 crescencius,
702 708 810 782 abhas
826 709 1024 784 monasterii
1043 709 1158 784 Sancti
1174 708 1339 806 Stephani
1355 707 1400 781 de
1414 709 1536 800 Bosco,
1550 706 1662 782 fidelis

255 850 290 913 et
304 839 451 915 devotus
475 843 604 926 nosmr,
629 833 725 907 ende
746 843 862 908 nostre
886 855 950 906 sun
973 835 1120 927 querula
1139 833 1309 930 peticione
1330 841 1552 905 monstrasset
1566 831 1662 928 quod

255 964 363 1056 bajoli
379 961 455 1034 Stili
473 961 589 1056 ipsum
612 957 855 1032 monasterium
876 957 1101 1031 molestabant
1119 967 1159 1030 nt
1173 957 1350 1055 quandam
1367 955 1488 1030 turrim
1508 954 1554 1030 de
1569 957 1663 1032 dicto

256 1095 366 1160 castro
382 1093 499 1160 nostru
514 1083 591 1158 Stili
610 1079 783 1174 reficeret,
803 1081 991 1176 quemdam
1011 1091 1189 1156 mulonem
1215 1091 1250 1156 et
1272 1103 1414 1177 porcum
1437 1082 1586 1155 solveret
1601 1103 1663 1154 an-

257 1211 408 1302 nuatim;
435 1209 536 1302 cujus
558 1206 609 1282 rei
634 1205 752 1280 debito
775 1205 889 1298 rigore
906 1206 1046 1298 justicie
1073 1207 1253 1302 cupientes
1280 1206 1433 1279 ediscere
1459 1205 1659 1296 veritatem,

256 1334 401 1430 lingerio
418 1333 533 1406 Attalo
549 1329 650 1406 militi
663 1339 698 1404 et
708 1330 868 1404 familiari
880 1339 995 1404 nostm
1010 1329 1171 1404 dedimus
1184 1330 1221 1402 in
1235 1328 1407 1403 mandatis
1422 1339 1460 1401 ut
1472 1329 1518 1403 ad
1532 1329 1664 1404 dictum

258 1459 370 1530 locum
386 1456 460 1530 Stili
476 1476 515 1528 se
530 1453 753 1550 personaliter
769 1456 986 1545 transferens,
1000 1475 1105 1549 super
1120 1453 1334 1528 monasteriis
1347 1453 1479 1526 Arsalie
1496 1463 1532 1526 et
1548 1453 1664 1528 Sancti

258 1581 408 1672 leoncii,
428 1579 623 1654 tenimentis
640 1589 675 1652 et
690 1577 862 1652 casalibus
876 1577 1092 1669 eorumdem,
1107 1578 1153 1655 de
1170 1577 1344 1676 premissis
1358 1577 1540 1672 diligenter
1548 1578 1665 1676 inqui-

259 1714 347 1778 reret
359 1714 394 1778 et
406 1705 563 1794 relerret;
579 1723 641 1798 per
652 1723 758 1796 Qum
775 1702 1035 1795 inquisitionem
1052 1711 1168 1778 nostre
1180 1701 1351 1797 majestati
1370 1701 1519 1774 innotuit
1533 1701 1664 1775 dictum

258 1828 504 1902 monasterium
520 1825 672 1917 limatis,
689 1835 876 1921 antequam
893 1836 983 1902 esset
1006 1828 1054 1903 ad
1073 1829 1132 1920 jus
1152 1839 1188 1901 et
1210 1827 1452 1926 proprietatem
1470 1825 1666 1899 monasterii

259 1951 373 2024 Sancti
389 1952 554 2048 Stephani
573 1951 793 2044 devolutum,
812 1952 921 2026 tenen
938 1951 985 2026 ad
1001 1952 1118 2027 dehita
1132 1961 1332 2048 pretaxate,
1350 1949 1413 2024 sed
1429 1947 1571 2044 quando
1584 1949 1666 2024 dive

260 2077 423 2150 memorie
444 2077 612 2171 hogerius
636 2097 752 2152 comes
773 2077 927 2152 Calabris
948 2087 984 2150 et
1004 2079 1120 2151 Sicilie
1145 2077 1240 2152 idem
1264 2075 1511 2150 monasterium
1534 2073 1666 2148 Arsafie

261 2199 358 2274 dedit
374 2201 411 2271 in
429 2199 546 2275 dotem
564 2203 828 2276 consecrationis
842 2211 997 2300 tempore
1008 2203 1098 2276 sacri
1111 2203 1226 2298 templi
1241 2203 1362 2276 Sancte
1376 2201 1482 2274 llario
1497 2198 1542 2273 de
1551 2200 1663 2292 Turni,

260 2325 384 2398 obtulit
408 2325 555 2398 liberum
576 2335 611 2400 et
629 2335 830 2423 exemptum
849 2351 929 2401 cum
951 2328 1024 2402 suis
1042 2326 1255 2419 tenimentis,
1280 2327 1428 2422 manalis
1446 2334 1480 2398 et
1495 2323 1668 2397 casalibus

261 2471 302 2520 ac
317 2449 420 2522 etiam
436 2449 660 2542 molendinis3
678 2451 774 2546 quod
797 2460 832 2524 et
853 2452 1022 2544 majestati
1045 2461 1160 2524 nostre
1181 2451 1366 2547 preclaruit
1381 2471 1445 2547 per
1467 2450 1542 2545 ipsa
1560 2448 1668 2544 privi-

261 2573 351 2668 legia
369 2573 452 2646 dicti
469 2574 606 2668 Rogerii
628 2575 783 2665 comitis,
800 2597 870 2670 que
891 2575 984 2648 idem
1004 2575 1112 2648 abbas
1136 2583 1252 2648 nostro
1276 2573 1417 2646 culmini
1445 2574 1665 2669 presentavit.

261 2696 360 2770 Unde
374 2698 587 2794 presentium
605 2706 723 2772 tenore
740 2699 929 2772 sanctimus
941 2708 976 2773 et
995 2719 1159 2795 expresse
1173 2699 1209 2770 in
1227 2707 1399 2794 posterum
1416 2696 1612 2770 inhibemus
1626 2717 1671 2768 ne

261 2821 340 2914 quis
352 2820 490 2916 bajulus
500 2844 561 2896 seu
577 2823 746 2916 officialis,
756 2825 1004 2918 cujuscumque
1016 2823 1146 2914 gradus
1157 2823 1295 2911 enicat,
1305 2822 1352 2896 ad
1367 2820 1460 2895 dicta
1475 2821 1593 2894 debita
1608 2842 1672 2893 ex·

262 2943 433 3038 quircnda
451 2944 616 3042 predictis
633 2947 720 3020 locis
734 2937 799 3020 'seu
818 2947 1013 3020 tenimentis
1029 2946 1075 3020 ad
1094 2949 1168 3042 ipsa
1184 2945 1421 3042 spectantibus
1436 2954 1470 3018 et
1487 2943 1580 3016 dicto
1595 2965 1670 3016 mo·

263 3070 411 3142 nasoerio
429 3080 490 3142 aut
504 3071 587 3144 locis
603 3072 659 3144 rel
677 3073 777 3145 honis
793 3073 950 3166 ejusdem
967 3073 1085 3167 aliqua
1099 3072 1278 3144 occasione
1295 3077 1470 3166 presumat
1482 3069 1670 3142 extendere

263 3199 387 3266 manue
400 3215 482 3268 suas
499 3217 561 3290 pro
581 3197 795 3291 reparatione
811 3197 960 3290 alicujus
976 3196 1080 3268 torris
1096 3195 1178 3270 dicti
1197 3194 1299 3268 castri
1315 3193 1422 3266 nostri
1440 3194 1515 3266 Stili
1534 3215 1596 3266 seu
1614 3215 1671 3266 so·

263 3317 399 3391 lucione
423 3320 656 3414 predictorum
678 3321 828 3395 mutonis
849 3331 884 3394 ct
904 3321 1017 3417 porci,
1038 3321 1101 3394 sed
1127 3320 1242 3416 ipsum
1270 3318 1514 3392 monasterium
1537 3326 1572 3390 et
1596 3321 1672 3410 ejus

265 3442 339 3516 loca
364 3443 484 3538 quieta
511 3465 651 3518 manere
677 3446 889 3541 permittant,
917 3467 981 3518 nec
1006 3467 1048 3518 ea
1071 3445 1187 3541 aliqua
1210 3443 1427 3516 infestatione
1451 3441 1669 3538 perturbent;

264 3587 344 3638 cum
369 3567 484 3662 ipsum
502 3568 747 3642 monasterium
762 3567 894 3642 Arsahe
912 3591 991 3642 cum
1015 3569 1180 3664 granciis,
1200 3568 1388 3660 casalibus,
1410 3566 1618 3640 molendinis
1640 3576 1675 3640 et

265 3691 478 3784 pertinentiis
496 3693 569 3766 suis
584 3694 628 3766 sit
650 3693 764 3766 eidem
780 3695 988 3773 monasterio
1013 3693 1129 3768 Sancti
1147 3693 1310 3790 Stephani
1331 3694 1492 3766 collatum
1511 3693 1620 3768 libore
1640 3701 1676 3766 et

265 3824 438 3911 example,
453 3839 589 3892 necnon
607 3827 641 3891 et
658 3821 904 3894 monasterium
920 3819 1035 3893 Sancti
1050 3819 1208 3910 leontii,
1225 3818 1320 3916 quod
1338 3840 1385 3891 ex
1403 3816 1675 3892 commutacione

266 3937 432 4012 casalium
459 3940 596 4013 comitis
619 3963 699 4013 cum
721 3943 943 4038 pertinenciis
965 3953 1000 4017 et
1021 3945 1124 4018 casali
1144 3963 1208 4016 suo
1225 3942 1333 4016 libere
1348 3941 1450 4015 luerit
1465 3940 1579 4014 eidem
1596 3961 1675 4012 mo·

265 4061 415 4134 nmterio
434 4063 653 4156 acquisitum.
673 4063 803 4158 Siquis
820 4073 935 4137 autem
948 4073 1065 4138 contra
1078 4073 1270 4162 presentem
1283 4063 1389 4138 nostri
1404 4063 1675 4160 prohibicionem

265 4184 370 4259 edicti
389 4188 637 4282 presumpserit
653 4189 858 4278 contrahire,
871 4200 1021 4263 nostram
1035 4188 1307 4284 indignationem
1326 4189 1492 4280 incurret;
1513 4195 1548 4259 et
1565 4187 1677 4259 nichi-

265 4309 415 4383 lominus
444 4310 491 4384 ad
517 4311 623 4386 robur
640 4323 846 4412 perpetuum
866 4315 1118 4388 constitutionis
1135 4313 1303 4410 presentis
1331 4311 1500 4386 edicimus
1529 4319 1567 4383 ut
1591 4311 1676 4406 qui-

268 4456 417 4528 cumque
446 4433 645 4528 hujusmodi
678 4439 971 4514 molestationibus
998 4439 1130 4513 dictum
1154 4437 1397 4512 monasterium
1424 4437 1677 4532 attemptaverit

269 4557 485 4652 perturbare,
507 4559 688 4637 dimidiam
701 4567 776 4638 auri
788 4565 911 4638 libram
924 4574 1040 4638 nostre
1051 4564 1146 4638 curie
1159 4584 1219 4636 seu
1233 4581 1469 4634 socoessorum
1482 4568 1675 4633 nostrorum

268 4703 314 4754 cx
342 4682 475 4777 integro
500 4707 538 4760 se
563 4689 696 4762 noverit
712 4691 924 4783 soluturum3
951 4700 986 4764 et
1014 4690 1050 4762 in
1076 4689 1170 4762 nullo
1197 4707 1337 4783 prorsus
1357 4684 1450 4759 dicto
1472 4684 1678 4760 monasterio
