4382 5946
340 1267 371 1312 In
379 1268 458 1312 antris

310 1322 487 1421 '‘libain‘'

514 528 575 592 280
1017 527 1232 590 ratoantct
1257 527 1431 590 account
1743 528 1825 610 [bn.
1844 533 1930 598 1213.

561 667 688 738 Datum
708 663 803 760 apud
819 661 1036 755 Ersordiam,
1056 665 1102 736 111
1120 664 1201 738 idus
1216 663 1382 752 octobris,
1403 661 1592 738 indictione
1610 665 1642 736 ll
1660 665 1690 758 (i
1698 663 1726 761 ).

565 1247 798 1357 Fridericus,
824 1250 1084 1335 Romanorum
1102 1277 1188 1358 rex,
1208 1251 1340 1334 domui
1361 1251 1522 1336 Sanctae
1548 1251 1690 1336 Mariae
1712 1249 1927 1334 Tbeutoni-

513 1409 646 1466 corum
664 1383 909 1466 donationem
927 1411 950 1466 a
967 1394 1105 1492 patruo
1123 1409 1194 1468 suo
1211 1411 1301 1495 rege
1318 1385 1491 1494 Philippo
1509 1383 1649 1468 factam
1667 1385 1716 1468 de
1729 1384 1928 1468 medietate

514 1527 737 1628 patronatus
757 1517 936 1600 ecclesiae
953 1519 1002 1600 dc
1019 1517 1136 1600 Morte
1154 1517 1339 1626 approbat
1355 1527 1394 1602 et
1409 1517 1624 1602 confirmat.

597 1761 697 1842 (acto.
712 1763 730 1822 J
734 1761 795 1822 .-Η.
811 1761 953 1833 Hennes,
970 1757 1040 1821 Cod.
1055 1757 1206 1840 diplomat.
1221 1759 1285 1822 ord.
1297 1761 1331 1822 S.
1347 1761 1461 1824 Mariae
1475 1759 1655 1838 Timone,
1667 1779 1700 1840 p.
1716 1769 1874 1838 12,n·1⁴,
1888 1776 1926 1822 cx

633 1884 826 1948 pergameno,
841 1873 876 1929 ut
888 1869 1006 1942 asserit,
1021 1869 1156 1946 originali
1169 1869 1200 1928 tn
1211 1867 1294 1929 arch.
1304 1867 1488 1944 Darmstad.)

564 2079 759 2154 Fridericus
787 2079 909 2152 divina
932 2079 1068 2152 favente
1090 2081 1273 2154 clementia
1297 2082 1530 2156 Romanorum
1557 2102 1621 2154 rex
1644 2089 1682 2152 at
1705 2101 1841 2176 semper
1862 2103 1926 2154 au·

515 2215 657 2302 gustus,
684 2213 719 2278 et
742 2226 807 2277 rex
830 2205 945 2277 Sicitie
969 2205 1005 2276 in
1033 2213 1251 2302 perpetuum.
1278 2205 1327 2278 Ea
1350 2227 1421 2301 que
1443 2207 1489 2280 ab
1511 2205 1707 2278 inclitorum
1731 2205 1925 2301 principum

513 2331 745 2404 Romanorum
763 2349 883 2424 regom
909 2337 944 2403 et
968 2328 1213 2424 imperatorum
1232 2330 1388 2424 largitate
1409 2329 1493 2402 locis
1518 2328 1687 2422 religiosis
1709 2349 1752 2401 ac
1772 2329 1844 2401 Deo
1868 2328 1925 2403 di-

515 2454 601 2528 catis
622 2453 744 2526 coitate
764 2453 1005 2544 dinoscuntur,
1025 2453 1177 2528 debitam
1194 2475 1215 2526 a
1233 2464 1350 2528 nostra
1372 2453 1608 2528 munificentia
1634 2461 1808 2527 merentur
1834 2453 1927 2527 rcci-

514 2601 597 2676 pere
615 2577 876 2650 firmitudinem.
891 2577 1105 2651 Acoedentes
1125 2577 1172 2652 ad
1189 2581 1395 2676 presentiam
1413 2579 1600 2670 majestatis
1615 2587 1730 2652 nostre
1753 2577 1870 2652 dilecti
1886 2600 1926 2651 ac

515 2727 651 2798 semper
668 2702 837 2797 diligendi
863 2703 983 2774 iratres
999 2712 1034 2776 et
1058 2703 1172 2775 nuntii
1190 2704 1388 2778 venerande
1411 2704 1537 2779 domus
1553 2703 1860 2795 Tbeotonicorum,
1881 2701 1926 2777 ad

515 2829 680 2901 honorem
706 2827 770 2900 Dei
794 2827 1037 2922 omnipotentis
1065 2837 1171 2923 atque
1194 2829 1439 2923 gloriosissime
1464 2828 1645 2904 Genitricie
1672 2849 1735 2902 sue
1761 2837 1927 2925 perpetue

514 2953 666 3048 Virginis
698 2953 821 3041 Mario,
848 2961 953 3046 atque
975 2951 1021 3025 ad
1047 2951 1282 3028 defensionem
1308 2963 1396 3027 terre
1418 2952 1692 3050 repmmissionis
1712 2961 1924 3037 constructe,
1987 3007 1996 3016 .

517 3099 597 3150 cum
615 3096 742 3169 magna
757 3075 949 3149 bumilitate
966 3077 1139 3172 petierunt
1156 3101 1177 3152 a
1195 3089 1312 3152 nostra
1328 3079 1511 3152 serenitate
1528 3086 1568 3150 nt
1582 3099 1644 3151 nos
1663 3077 1789 3150 intuito
1808 3077 1927 3152 divine

515 3201 747 3275 retributionis
761 3199 980 3274 medietatem
997 3211 1197 3297 patmnatus
1212 3203 1356 3276 ecclesie
1369 3203 1415 3276 de
1432 3203 1540 3277 Morte
1554 3202 1619 3300 (2),
1634 3223 1697 3299 pro
1708 3201 1824 3276 diviso
1837 3203 1927 3274 sicot

516 3349 593 3401 eam
611 3335 809 3422 receperant
825 3335 861 3397 et
880 3325 1103 3420 possidebant
1122 3349 1169 3401 ex
1187 3327 1319 3400 liberali
1338 3327 1523 3402 donatione
1541 3327 1648 3400 incliti
1670 3328 1784 3423 patrui
1801 3327 1924 3418 nostri,

516 3453 573 3548 pie
594 3451 777 3539 memorie,
798 3449 891 3546 regis
908 3451 1075 3548 Philippi,
1096 3452 1263 3548 prelibata
1283 3451 1402 3526 domui
1427 3463 1462 3526 et
1477 3451 1638 3526 iratribus
1653 3451 1785 3526 ibidem
1804 3453 1876 3526 Deo
1893 3461 1928 3525 et

514 3577 614 3648 beate
638 3575 744 3648 Marie
764 3575 897 3670 Virgini
918 3574 1193 3651 deservientibus
1208 3577 1411 3652 confirmare
1429 3577 1671 3672 dignaremur3
1694 3577 1925 3651 testimonium

516 3698 711 3773 donationis
730 3699 909 3772 memorati
927 3701 1040 3795 patrui
1058 3701 1176 3793 nostri,
1194 3723 1242 3775 ex
1259 3702 1465 3776 certitudine
1482 3701 1653 3797 privilegii
1670 3701 1806 3798 abipso
1822 3721 1928 3798 super

516 3823 638 3896 eadem
661 3821 848 3896 donatione
872 3823 1021 3918 recepti,
1042 3823 1295 3919 pretendentes.
1316 3825 1385 3898 Nos
1403 3825 1510 3920 igitur
1527 3824 1639 3898 felicia
1659 3826 1820 3920 exempla
1841 3845 1927 3898 nos·

516 3957 645 4022 trorum
674 3947 838 4019 imitaturi
866 3947 1142 4042 pmgeoitorum,
1168 3971 1237 4024 non
1263 3951 1376 4024 solnm
1399 3951 1512 4023 locum
1539 3957 1757 4046 pretaxatam
1785 3947 1927 4043 diligere

516 4071 728 4147 intendimus
746 4081 780 4144 et
802 4091 1021 4168 promovere,
1045 4094 1169 4148 verum
1191 4075 1293 4150 etiam
1318 4075 1439 4150 iratres
1460 4073 1574 4150 eidem
1597 4075 1672 4148 loco
1693 4071 1928 4148 deservientes

551 4381 585 4455 (t)
604 4381 711 4454 legitur
730 4381 758 4438 in
775 4381 868 4439 codiee
883 4381 1032 4438 indictione
1048 4383 1093 4453 tt,
1107 4381 1219 4439 forsitan
1235 4397 1268 4438 ex
1282 4381 1422 4456 scriptoris
1433 4381 1575 4440 oscitantia
1586 4397 1636 4457 pro
1650 4381 1800 4440 indictione
1813 4381 1851 4451 11,
1865 4395 1926 4438 orm

515 4481 615 4537 notatio
628 4479 678 4536 loci
691 4485 719 4536 et
731 4481 834 4537 mensis
848 4479 936 4536 itineri
951 4479 1079 4536 Fridcrici
1092 4479 1236 4538 Saromam
1252 4479 1397 4553 ingressuri
1415 4480 1485 4538 bene
1505 4479 1698 4539 conveniunto
1717 4493 1799 4553 quem
1818 4492 1929 4535 mosum

516 4593 547 4636 se
560 4593 668 4652 quoque
679 4577 842 4636 Bocbmeros
859 4577 967 4635 doctore
977 4578 1092 4634 videtur.

550 4673 588 4747 (t)
607 4674 714 4735 Scilicet
728 4673 914 4734 oter-norm
927 4675 955 4732 in
970 4675 1149 4734 Wctteravia.
