4378 5954
507 514 565 578 106
1010 519 1224 582 Futunutcl
1249 520 1422 582 SECUNDl
1728 519 1810 598 [Anu.
1830 522 1918 586 taut.

507 661 710 748 peccaverat
734 651 801 724 nisi
822 641 963 746 adjiciat
983 664 1023 727 ut
1043 669 1200 751 resurgat
1225 657 1262 729 in
1286 657 1468 751 iniquitate
1491 655 1630 752 propriu
1653 655 1837 746 moriatur,
1860 657 1918 730 di-

507 776 633 848 lectum
656 774 767 848 filium
790 774 832 848 G.
860 778 975 850 Sancti
993 778 1138 852 Adriani
1159 780 1344 854 diaconum
1363 781 1587 866 cardinalem,
1609 779 1803 874 Apostolice
1819 779 1920 854 Sedis

507 901 676 994 legatum,
697 900 811 972 virum
828 902 1013 996 providum
1030 912 1066 975 et
1079 903 1283 994 honestum,
1303 925 1408 999 quem
1427 905 1515 978 inter
1538 912 1669 978 ceteros
1692 904 1813 976 iratres
1836 925 1916 976 nos·

507 1033 577 1096 tros
603 1025 761 1120 specialis
784 1023 978 1098 dilectionis
1000 1026 1151 1099 brachiis
1179 1027 1436 1121 amplexamur,
1461 1025 1508 1099 ad
1533 1047 1598 1101 vos
1618 1025 1786 1098 duximus
1812 1026 1919 1100 desti·

506 1147 676 1240 nandum,
693 1149 788 1222 vices
802 1158 936 1222 nostras
950 1149 980 1222 ei
997 1158 1067 1221 tam
1082 1149 1117 1220 iu
1132 1149 1370 1245 spiritualibus
1382 1172 1488 1246 quam
1502 1149 1750 1246 temporalibus
1763 1152 1920 1222 commit·

507 1279 615 1344 unus
630 1279 669 1343 ut
688 1269 865 1344 confirmet
883 1272 919 1344 iu
937 1271 1122 1346 devotione
1142 1283 1257 1348 nostra
1272 1283 1308 1348 et
1324 1273 1418 1369 regia
1435 1273 1601 1346 fidelitate
1618 1271 1752 1364 fideles,
1768 1282 1919 1348 errantes

419 1411 424 1422 ·
506 1404 644 1469 revocet
661 1403 695 1468 et
712 1395 748 1466 iu
768 1416 932 1491 eosquos
947 1417 1110 1470 revocare
1125 1418 1196 1470 non
1216 1399 1358 1493 poterit,
1378 1407 1449 1470 tam
1466 1397 1688 1493 spiritualiter
1705 1418 1810 1491 quam
1832 1405 1920 1470 tem·

505 1520 665 1616 puraliter
687 1528 855 1613 aggravet
878 1541 1004 1592 manus
1031 1542 1125 1595 suas.
1151 1508 1341 1594 monemus
1357 1521 1465 1618 igitur
1485 1521 1747 1594 universitatem
1772 1531 1919 1594 vestram

506 1654 541 1716 et
560 1645 785 1718 exhortamur
803 1645 840 1716 iu
864 1645 1011 1718 Domino
1033 1655 1068 1718 et
1086 1667 1146 1742 per
1165 1647 1353 1742 apostolica
1370 1645 1497 1742 scripta
1523 1645 1729 1719 mandamus
1748 1653 1919 1739 quatenus

505 1769 658 1862 legatum
682 1771 795 1864 ipsum
820 1769 912 1841 sicut
932 1789 1113 1865 personam
1132 1779 1305 1863 nostram,
1324 1771 1429 1842 immo
1447 1791 1510 1844 uos
1528 1771 1565 1842 in
1583 1791 1626 1842 eo
1644 1768 1848 1865 recipientes
1866 1769 1919 1842 hi-

506 1891 622 1964 lariter
639 1901 675 1965 et
690 1892 879 1966 honorilice
900 1902 1157 1988 pertractantes,
1178 1916 1248 1989 que
1266 1895 1354 1968 inter
1369 1915 1433 1970 vos
1449 1895 1486 1965 in
1505 1893 1743 1990 spiritualibus
1759 1895 1815 1967 vel
1832 1903 1918 1968 tem·

506 2017 684 2114 poralibus
706 2017 848 2090 duxerit
871 2018 1069 2111 statuenda,
1097 2017 1295 2115 suscipiatis
1319 2018 1496 2092 humiliter
1523 2029 1558 2091 et
1581 2018 1825 2092 inviolabiliter
1849 2017 1919 2091 ob-

506 2141 665 2214 servetis.
691 2141 861 2237 Alioquin·
874 2143 1076 2216 seutentiam
1099 2165 1206 2238 quam
1223 2143 1451 2240 spiritualiter
1468 2144 1526 2216 vel
1548 2143 1780 2240 temporaliter
1806 2143 1920 2216 tulerit

506 2265 543 2338 iu
557 2265 719 2357 rebelles,
741 2267 925 2360 iaciemus,
946 2277 1086 2340 aucmre
1099 2269 1260 2360 Domino,
1279 2267 1421 2340 firmiter
1434 2267 1623 2340 observari.
1700 2245 1704 2252 ⁴

553 2393 678 2464 Datum
695 2391 867 2484 laterani,
889 2391 1047 2468 kalendis
1064 2393 1194 2488 aprilis,
1215 2414 1308 2466 anno
1322 2390 1544 2488 pontificatus
1559 2389 1664 2464 nostri
1681 2390 1757 2463 Vll.

295 2995 475 3106 m.
556 2967 748 3051 innocenl'
722 2975 797 3050 trus
815 2992 915 3077 pape
936 2965 1127 3048 Friderico
1145 2991 1226 3076 regi
1215 2963 1394 3048 Siciliae
1412 2963 1542 3046 scribit
1559 2988 1615 3072 se,
1634 2961 1793 3070 receptis
1809 2987 1918 3044 nuu-

295 3062 447 3150 ΜΝ·
503 3101 566 3184 tiis
593 3127 691 3212 quos
718 3101 768 3182 ad
795 3126 836 3182 se
862 3099 1082 3202 destinauit,
1104 3098 1191 3180 ad
1181 3123 1308 3208 1psum
1333 3106 1446 3180 remrt
1419 3096 1588 3180 QttereG
1616 3095 1743 3178 Sancti
1762 3093 1919 3177 Adriani

503 3236 707 3322 diaconum
729 3234 961 3320 cardinalem
971 3234 1243 3344 ,apostolicae
1270 3233 1378 3316 Sedis
1407 3233 1596 3343 legatum,
1617 3227 1727 3339 cujus
1753 3226 1920 3312 consiliis

503 3371 552 3456 de
569 3397 662 3482 pace
679 3371 720 3453 in
738 3394 859 3480 regno
877 3367 1105 3454 stabilienda
1127 3367 1353 3478 acquiescat.

586 3583 680 3661 (Edld.
696 3585 887 3658 Burourour,
902 3583 1002 3644 lnuocr
1016 3581 1064 3642 Ill
1074 3582 1170 3662 epol,
1184 3577 1238 3643 llb.
1252 3579 1326 3652 vll,
1341 3583 1363 3639 t.
1381 3577 1427 3652 11,
1439 3591 1471 3654 p.
1487 3577 1570 3652 nte.)

557 3769 789 3862 Innocentius,
813 3776 898 3862 ete,
917 3767 1043 3842 illustri
1068 3766 1142 3863 regi
1171 3765 1303 3858 Sicilie,
1329 3773 1396 3838 ato.
1422 3763 1528 3858 Regia
1550 3759 1765 3838 celsitudinis
1791 3758 1920 3830 litteras

508 3917 597 3992 quas
614 3895 715 3969 nobis
731 3915 795 3990 per
813 3893 978 3966 dilectum
996 3891 1105 3966 lilium
1128 3945 1138 3964 .
1164 3945 1173 3963 .
1198 3945 1208 3963 .
1231 3889 1392 3964 abbatem
1409 3887 1455 3961 de
1472 3886 1606 3962 Relesiu
1625 3895 1660 3958 et
1674 3880 1918 3981 Alb[ertinum]

507 4020 737 4118 prepositum,
758 4017 933 4111 adiunctis
954 4017 1022 4090 sibi
1044 4015 1230 4091 venerabili
1252 4015 1355 4089 tratre
1376 4021 1493 4086 nostro
1515 4009 1678 4084 Ansalmo
1695 4007 1920 4104 Neapolitano

508 4142 766 4240 archiepiscopo
779 4150 816 4215 et
830 4140 955 4214 dilecto
972 4139 1045 4213 lilio
1057 4140 1187 4214 Tboma
1198 4135 1244 4210 de
1257 4135 1376 4210 Gaieta
1390 4134 1487 4230 regio
1501 4131 1701 4227 justitiario,
1721 4129 1917 4222 destinasti,

508 4277 652 4368 paterna
668 4265 881 4359 benignitate
897 4263 1092 4360 recepimus
1106 4270 1143 4335 et
1155 4281 1225 4356 que
1239 4258 1433 4354 significata
1446 4265 1528 4332 sunt
1545 4255 1647 4329 nobis
1663 4263 1734 4328 tarn
1750 4275 1813 4350 per
1829 4274 1920 4324 nun·

509 4394 576 4468 tice
590 4412 697 4487 quam
719 4411 783 4486 per
804 4387 932 4462 litterae
952 4387 1151 4460 notavimus
1170 4384 1369 4478 diligenter,
1390 4381 1583 4478 gaudentes
1599 4380 1636 4453 iu
1653 4398 1697 4452 eo
1713 4377 1774 4472 qni
1790 4386 1843 4450 est
1858 4374 1920 4448 Dei

510 4517 621 4593 virtus
644 4524 679 4590 et
698 4511 866 4610 sapientia
886 4510 984 4605 qnod
1004 4509 1050 4584 de
1070 4509 1130 4586 die
1149 4509 1187 4581 in
1214 4507 1308 4582 diem
1330 4507 1421 4582 sicut
1439 4517 1545 4599 oute,
1566 4506 1617 4580 sic
1634 4503 1738 4578 etium
1751 4499 1921 4596 sapientia

509 4639 649 4740 proficis
666 4647 702 4716 et
722 4637 863 4714 virtute.
880 4635 967 4710 Cum
983 4633 1090 4731 igitur
1107 4633 1155 4714 ad
1172 4633 1338 4708 honorem
1357 4641 1393 4707 et
1406 4633 1550 4708 odotem
1565 4649 1712 4730 persone
1726 4635 1805 4718 tue,
1822 4623 1921 4722 regni
