4378 5954
541 573 603 638 lttt
1043 575 1258 642 tutulttttct
1281 579 1454 642 sucuuut
1767 577 1848 660 [llus.
1865 579 1951 643 latu

544 721 661 785 rantes
687 711 791 784 etiam
816 721 914 804 grate
939 712 1116 807 religionis
1139 713 1297 788 babitom
1322 727 1358 790 et
1382 715 1545 790 sedulum
1567 714 1772 810 obsequium
1795 717 1893 812 quod
1916 717 1953 788 in

543 835 669 910 eudem
691 835 898 909 monasterio
915 835 1103 908 cottidiana
1122 835 1317 912 devotionis
1336 839 1498 912 instantia
1513 839 1661 912 Domino
1677 839 1873 931 exhibetur,
1894 863 1953 912 su·

541 983 649 1056 pre-ue
665 961 899 1034 retributionis
918 961 1043 1032 intuitu
1061 973 1097 1033 et
1114 985 1176 1058 pru
1194 975 1310 1037 nostre
1329 965 1450 1036 salotis
1466 972 1502 1035 et
1519 964 1626 1056 glorie
1643 963 1872 1054 incremento,
1892 986 1954 1059 pro

540 1083 698 1158 remedio
720 1105 862 1180 quoque
885 1086 1078 1158 animarum
1101 1097 1329 1181 augustomm
1351 1087 1530 1182 qnondam
1555 1097 1737 1182 parentum
1760 1095 1952 1159 nestromm

538 1209 656 1282 inclite
673 1208 931 1300 recordatiouis,
951 1209 999 1281 ad
1017 1210 1214 1284 instantiam
1234 1212 1348 1284 fratris
1361 1210 1509 1283 Conradi
1526 1210 1687 1283 monachi
1702 1211 1812 1306 ipsius
1826 1233 1953 1284 mona-

537 1314 652 1426 sterii,
673 1334 796 1406 vestris
817 1333 1129 1429 supplicationibus
1146 1337 1332 1409 clementer
1349 1336 1536 1407 annuimus
1553 1345 1588 1408 et
1605 1333 1651 1408 de
1669 1346 1784 1408 nostre
1801 1336 1951 1407 liberali-

538 1459 619 1532 tatis
635 1459 746 1554 gratia
764 1458 987 1532 concedimus
999 1469 1035 1530 et
1052 1458 1295 1532 confirmamus
1313 1460 1379 1556 ipsi
1397 1460 1604 1533 monasterio
1622 1459 1668 1531 de
1681 1459 1794 1531 Salem
1810 1459 1951 1530 llnnstal

537 1591 573 1656 et
591 1582 747 1656 Uberecb
764 1604 844 1654 cum
861 1583 1023 1654 omnibns
1039 1581 1257 1678 appendiciis
1274 1585 1361 1674 suis,
1377 1605 1447 1679 que
1466 1606 1546 1655 cum
1564 1583 1647 1655 olim
1661 1581 1787 1652 fuerint
1804 1579 1950 1653 Conradi

537 1705 585 1780 de
608 1707 835 1780 Suaremberc
856 1706 1038 1796 aduocati,
1059 1707 1105 1778 ab
1127 1707 1203 1803 ipso
1224 1707 1382 1782 Conrado
1405 1707 1520 1782 eidem
1544 1705 1752 1780 monasterie
1773 1715 1854 1776 sunt
1878 1708 1950 1778 col·

536 1831 618 1902 lata.
641 1829 699 1902 Ad
716 1829 822 1923 hujus
838 1839 953 1903 autom
973 1831 1205 1904 eonoessionis
1221 1844 1257 1905 et
1276 1832 1546 1906 confirmationis
1563 1841 1680 1904 nostre
1698 1829 1897 1902 memoriam
1915 1841 1952 1902 et

537 1953 737 2028 inuiolabile
754 1953 1025 2048 firmamentum,
1046 1978 1189 2052 presens
1207 1959 1430 2054 privilegium
1448 1980 1510 2054 per
1527 1978 1652 2030 manns
1668 1955 1808 2028 Aldoini
1827 1955 1949 2028 notaui

538 2085 574 2150 et
590 2075 703 2150 fidelis
720 2078 827 2150 nostri
840 2079 944 2150 scribi
963 2089 998 2152 et
1013 2091 1130 2154 nostre
1142 2082 1329 2174 maiestatis
1345 2083 1459 2178 sigillo
1471 2081 1640 2176 jussimus
1657 2079 1830 2172 insigniri,
1842 2099 1947 2166 anno,

537 2223 658 2277 mense
674 2209 709 2275 et
726 2200 914 2275 indictione
931 2203 1148 2300 subscriptis.

585 2327 673 2399 Dete
691 2326 728 2398 in
748 2326 888 2399 civitate
912 2327 1075 2400 Catbanie
1098 2351 1158 2424 per
1183 2351 1308 2401 munus
1324 2327 1488 2401 Guelterii
1507 2328 1553 2402 de
1572 2327 1727 2413 Pellena,
1742 2323 1951 2397 venerabilis

537 2447 775 2522 Cetbanieneis
798 2449 951 2546 episcopi
979 2459 1014 2525 et
1036 2452 1132 2546 regni
1150 2451 1266 2524 Sicilie
1283 2451 1498 2541 cancellarii,
1517 2471 1610 2523 anno
1636 2447 1810 2523 dominice
1833 2449 1949 2522 incar-

536 2573 686 2646 nationis
704 2574 752 2645 Μ·
769 2573 833 2646 CC·
851 2575 912 2660 X⁰‚
933 2596 1052 2648 mense
1065 2577 1243 2665 ianuario,
1264 2575 1504 2650 terciedecime
1522 2573 1732 2665 indictionis,
1750 2572 1848 2668 regni
1865 2593 1949 2647 vero

537 2696 672 2770 domini
705 2697 813 2770 nostri
841 2697 1014 2772 Frederici
1042 2701 1104 2772 Dei
1136 2701 1247 2794 gratie
1277 2699 1486 2774 serenissimi
1517 2699 1611 2795 regis
1637 2697 1774 2792 Sicilie,
1802 2698 1950 2772 ducatus

535 2823 662 2920 Apulis
678 2831 715 2896 et
731 2823 945 2920 principatus
962 2823 1080 2920 Cepoe
1094 2847 1187 2899 annu
1204 2827 1287 2916 llll,
1305 2826 1459 2900 feliciter.
1480 2824 1606 2898 Amen.

764 3129 839 3136 -.-
846 3128 905 3135 -—-
912 3126 1033 3134 ——0-0-
1040 3121 1675 3134 ..m-*u*—
1682 3121 1707 3134 ι.

471 3473 479 3497 .
586 3431 828 3518 Innocentius
845 3456 945 3541 papa
966 3429 1007 3512 in
1033 3429 1212 3515 Ottonem
1233 3429 1502 3538 imperatorem
1518 3425 1663 3510 invehit
1679 3423 1747 3536 qui
1764 3422 1948 3509 offensem

432 3657 435 3664 ,
532 3593 603 3678 pro
620 3565 744 3678 gratie
773 3563 962 3647 Ecclesiae
985 3561 1160 3645 retribuit
1185 3573 1223 3646 et
1248 3561 1299 3646 ad
1323 3585 1485 3672 mgnum
1514 3557 1662 3645 Siciliae
1683 3557 1946 3668 occupandum

533 3723 673 3784 munus
690 3696 871 3782 extendit.

613 3913 704 3992 (litllt.
718 3931 768 3992 up.
784 3915 920 3986 smum,
931 3911 1030 3972 lanu.
1044 3909 1093 3970 111
1100 3906 1224 3991 epistol„
1238 3915 1263 3972 t.
1279 3910 1321 3985 11,
1333 3926 1366 3988 p.
1377 3919 1449 3985 ⁵⁰⁵,
1464 3925 1502 3976 ex
1515 3910 1617 3990 regist
1635 3923 1707 3970 eun·
1722 3904 1808 3978 xm,
1819 3905 1946 3978 matu.)

581 4071 815 4161 Innocentius,
835 4079 919 4163 etc,
936 4069 1191 4166 archiepiscopo
1208 4069 1461 4144 Rauennatensi
1480 4077 1515 4143 et
1527 4065 1754 4163 suffraganeis
1771 4067 1860 4159 ejus,
1875 4071 1942 4137 etc.

534 4203 606 4274 Deo
629 4208 664 4271 et
692 4195 793 4269 vobis
817 4193 863 4267 de
889 4194 1096 4290 imperatore
1122 4194 1366 4288 conquerimur
1391 4193 1454 4288 qui
1480 4189 1726 4266 beneficiorum
1752 4197 1945 4262 nosuorom

535 4325 692 4418 ingratus
709 4330 744 4393 et
758 4317 1024 4414 promissionum
1042 4339 1184 4390 suerum
1198 4317 1340 4408 oblitos,
1355 4316 1515 4389 retribuit
1533 4315 1634 4390 nobis
1647 4315 1738 4388 mala
1753 4333 1816 4408 pro
1828 4311 1941 4418 bonis,

536 4449 656 4524 odium
675 4467 737 4542 pru
754 4443 950 4532 dilectione,
966 4443 1132 4516 ollensam
1148 4462 1211 4536 pro
1227 4441 1351 4534 graba,
1371 4441 1533 4534 iniuriam
1551 4461 1614 4536 pro
1631 4439 1774 4529 honore,
1786 4433 1847 4534 [et]
1865 4445 1944 4508 ten-

535 4593 641 4668 quam
656 4567 748 4640 filius
762 4566 946 4639 indevotus
961 4565 1232 4662 epersecutione
1243 4563 1300 4660 pie
1314 4566 1432 4636 metris
1449 4564 1592 4660 incepit,
1608 4583 1678 4658 que
1695 4561 1808 4656 ipsum
1826 4567 1944 4632 contre

535 4713 753 4771 communem
780 4711 869 4786 pene
892 4689 1049 4764 omnium
1072 4689 1282 4762 voluntatem
1304 4697 1375 4761 toto
1398 4687 1580 4762 cunemine
1603 4683 1739 4760 studuit
1760 4681 1808 4759 ad
1834 4681 1944 4778 impe·
