4434 5942
331 1931 358 1976 ln
367 1931 421 1976 urbe
428 1931 487 1978 lellcl

349 1986 454 2030 Panormi

344 2017 472 2096 septenbri

525 547 567 610 54
1028 545 1245 608 salosalct
1270 543 1444 606 sacello!
1751 543 1832 623 [Asu.
1853 543 1939 608 lm

528 684 634 758 nostri
665 683 770 756 scribi
800 691 834 756 ct
861 683 1049 776 maiestatis
1081 693 1196 758 nostre
1229 683 1343 778 sigillo
1367 682 1536 776 jussimus
1565 680 1793 773 communiri,
1825 701 1936 772 anno,

527 829 664 896 mense,
680 807 870 882 indictione
884 807 1099 903 subscriptis.

575 933 663 1004 Data
680 930 717 1004 in
735 931 822 1003 orbe
836 931 927 1004 felici
948 931 1105 1004 Panormi
1119 953 1182 1027 per
1199 951 1323 1004 manus
1341 929 1505 1004 Gualterii
1521 929 1621 1023 regui
1638 927 1752 1002 Sicilie
1766 929 1941 1002 cancella-

529 1055 590 1144 rii,
612 1075 704 1128 anno
723 1055 895 1129 dominice
913 1055 1158 1128 incarnationis
1174 1053 1277 1148 MCC,
1295 1076 1413 1130 mense
1430 1054 1651 1151 septembris,
1667 1055 1712 1126 lv
1726 1053 1937 1147 indictionis,

528 1180 626 1274 regni
648 1201 732 1253 vero
759 1180 892 1255 domini
915 1181 1022 1254 nostri
1048 1179 1214 1255 Friderici
1237 1180 1300 1254 Dei
1318 1179 1429 1274 gratia
1450 1178 1669 1255 illustrissimi
1696 1178 1787 1273 mgis
1803 1177 1937 1272 Sicilie,

526 1304 674 1379 ducatus
685 1302 811 1402 Apulis
828 1314 864 1378 et
879 1305 1095 1404 principatus
1110 1306 1226 1402 Capua
1240 1327 1331 1380 anno
1345 1305 1408 1397 ΙΙΙ,
1427 1304 1580 1378 feliciter.
1597 1300 1739 1400 Amen(
1762 1301 1790 1400 ).

739 1625 1196 1641 p——a———m
1201 1625 1526 1638 mm
1530 1627 1721 1638 -ι-ι-ηι--ι

581 1895 794 1981 Fridericus
820 1921 887 1978 rex
914 1893 1063 1976 Siciliae
1089 1891 1218 1976 Heliae
1244 1892 1427 1976 canonico
1448 1892 1718 1978 Panormitano
1744 1893 1847 1978 fideli
1869 1921 1941 1980 suo

526 2040 707 2144 perpetuo
725 2030 896 2115 concedit
912 2029 1154 2113 medietatem
1171 2028 1369 2112 vinearum
1383 2026 1493 2138 juxta
1510 2027 1735 2112 viridarium
1753 2028 1859 2139 quod
1875 2029 1941 2112 di-

528 2165 627 2251 citur
656 2164 781 2250 Meleh
811 2163 913 2274 apud
938 2163 1188 2269 Panormum,
1212 2187 1310 2272 quas
1336 2160 1521 2270 plantavit
1550 2161 1748 2272 quondam
1770 2159 1941 2246 notarius

525 2300 722 2386 Buccebar
739 2299 950 2383 Saracenos
967 2307 1005 2382 et
1021 2297 1137 2382 modo
1149 2295 1318 2407 possidet
1329 2294 1432 2379 filius
1444 2294 1527 2406 ejus
1540 2295 1704 2378 Brabem
1717 2289 1936 2407 (lbrohim).

607 2516 704 2592 (Edit.
728 2533 777 2596 ap.
800 2515 1005 2577 Moamnnmo
1030 2530 1064 2574 nr
1086 2511 1282 2586 vnmrmn,
1305 2507 1437 2594 catalog.
1456 2510 1568 2594 rapiere
1588 2507 1635 2572 dci
1655 2507 1775 2592 operat
1793 2511 1868 2574 ctist
1892 2508 1944 2574 oet

646 2619 736 2688 tamt
754 2618 831 2683 dallo
843 2619 970 2684 embedr.
985 2619 1017 2681 di
1028 2617 1173 2696 Putem,
1189 2637 1217 2698 p
1234 2627 1273 2680 49
1289 2619 1447 2694 (Palermo,
1462 2617 1562 2699 lala),
1576 2635 1616 2680 ex
1628 2619 1715 2682 smil.
1725 2619 1780 2693 ΙΙΙ,
1790 2636 1875 2681 num.
1888 2629 1938 2685 8⁵.

644 2730 780 2810 Sigillum
792 2732 895 2807 periit,
910 2728 1106 2807 pendentibus
1119 2727 1218 2790 adhuc
1231 2725 1290 2787 lllls
1300 2727 1402 2787 sericis
1414 2725 1497 2787 rnbrl
1506 2727 1624 2788 coloris.
1636 2727 1735 2806 Hujus
1747 2743 1942 2806 pergamenae

642 2835 755 2914 duplex
766 2837 853 2914 copie
864 2837 1054 2898 inveniturln
1065 2835 1194 2897 molar.
1207 2833 1289 2897 MSS
1306 2833 1416 2913 Amlol,
1430 2831 1454 2895 Ι.
1470 2841 1509 2895 24
1520 2837 1551 2894 et
1565 2841 1619 2909 283
1631 2833 1714 2896 deest
1726 2851 1798 2896 uero
1810 2835 1940 2897 inlabu-

645 2944 701 3005 lar.
715 2943 861 3023 Scblnvl.)

576 3128 773 3207 Fridericus
789 3129 910 3204 divina
925 3129 1063 3202 favente
1080 3125 1262 3202 clementia
1274 3147 1339 3198 rex
1348 3124 1476 3218 Sicilie,
1492 3124 1641 3200 ducatus
1657 3127 1785 3224 Apulia
1794 3138 1830 3202 et
1844 3131 1941 3226 prin·

527 3257 661 3352 cipatns
687 3254 814 3352 Capue.
835 3255 941 3328 Decet
967 3251 1062 3349 regie
1089 3249 1304 3326 liberalitatis
1328 3249 1600 3324 munificentiam
1632 3249 1758 3326 devota
1784 3251 1941 3328 fidelium

523 3404 666 3456 suorum
679 3381 847 3476 obsequia
861 3378 1023 3474 benignis
1036 3378 1146 3452 oculis
1160 3376 1286 3452 intueri
1300 3385 1336 3450 et
1351 3375 1458 3471 gratis
1475 3395 1595 3449 eorum
1610 3375 1741 3450 meritis
1758 3379 1942 3474 condignis

524 3505 703 3581 beneficiis
719 3503 928 3602 respondere
950 3512 989 3578 ut
1011 3512 1046 3577 et
1072 3501 1213 3598 regalis·
1228 3502 1305 3576 solii
1330 3503 1422 3576 tituli
1443 3501 1653 3576 extollantur
1669 3510 1704 3576 et
1721 3502 1941 3578 subditorum

525 3631 633 3706 animi
650 3631 696 3704 ad
713 3628 931 3722 fidelitatem,
953 3627 1174 3702 devotionem
1195 3636 1231 3701 et
1241 3715 1243 3720 ¹
1253 3627 1471 3701 servitiorum
1488 3625 1734 3722 gmtitudinem
1750 3627 1942 3702 ferventius

523 3754 790 3830 succendantur.
809 3754 894 3829 lnde
905 3763 958 3828 est
975 3753 1072 3848 qood
1089 3774 1153 3826 nos
1169 3752 1385 3828 attendentes
1403 3739 1624 3827 devotionem
1648 3761 1683 3826 et
1700 3750 1784 3827 fidei
1803 3753 1942 3850 purita-

561 4011 599 4085 (Ι)
618 4009 703 4068 Adest
714 4025 758 4086 ap.
771 4009 936 4084 llongitore‚
949 4007 1067 4084 Ibidem,
1080 4026 1109 4084 p.
1123 4011 1169 4082 73,
1182 4007 1255 4067 aliod
1269 4007 1404 4084 exemplar
1413 4007 1535 4082 ejusdem
1547 4007 1696 4082 privilegii,
1709 4007 1763 4066 nisi
1776 4007 1849 4082 quod
1860 4023 1940 4066 cooo·

529 4110 602 4167 olcis
621 4107 722 4168 Sancte
739 4108 840 4167 Matris
854 4107 1160 4166 Poooranitooccoolest'e
1173 4106 1332 4180 generaliter
1345 4106 1432 4178 datur,
1446 4103 1511 4162 dum
1525 4105 1554 4161 in
1566 4105 1629 4178 isto,
1643 4121 1678 4164 ne
1690 4103 1803 4162 dubium
1814 4105 1938 4175 oriretur,

524 4205 668 4265 canonicos
679 4200 850 4264 Biocareoses
860 4205 1011 4280 specialiter
1024 4205 1146 4264 includit.
1164 4203 1254 4263 &uda
1272 4209 1362 4262 autem
1383 4201 1516 4278 privilegii
1536 4203 1574 4261 itu
1587 4207 1649 4262 est:
1666 4201 1735 4261 abd
1754 4203 1834 4278 hujus
1847 4209 1940 4260 autem

525 4324 539 4357 s
555 4303 708 4364 donationis
720 4303 936 4364 eteoooessionis
949 4307 1041 4362 nostre
1052 4302 1210 4361 memoriam
1223 4305 1251 4360 et
1261 4301 1412 4362 inuiolabile
1422 4301 1630 4373 immensum,
1643 4315 1758 4376 presens
1770 4300 1939 4376 privilegium

526 4421 539 4456 s
554 4419 605 4478 per
615 4418 712 4462 manus
723 4401 843 4478 magistri
855 4401 951 4460 Leonis
962 4401 996 4459 de
1004 4403 1106 4460 blatern
1117 4400 1214 4458 notam
1225 4405 1254 4459 et
1264 4398 1447 4458 tidelisnostri
1459 4399 1541 4457 scribi
1549 4405 1577 4457 et
1589 4399 1678 4473 rigillo
1690 4399 1840 4472 maiestatis
1849 4403 1939 4456 nosue

529 4517 543 4552 a
557 4498 688 4571 jussimus
698 4499 835 4573 insigniri,
849 4515 930 4570 anno,
943 4513 1037 4556 mense
1056 4505 1085 4556 et
1102 4497 1247 4555 indictione
1264 4495 1432 4571 subscriptis.
1451 4497 1518 4554 Data
1537 4496 1564 4553 io
1586 4496 1738 4568 medolici
1750 4496 1874 4555 Panormi
1887 4510 1939 4570 per

526 4615 539 4648 s
553 4609 652 4654 manus
663 4595 792 4656 Gnatam
805 4597 880 4672 regni
893 4597 985 4656 sicilie
999 4595 1161 4666 membru,
1176 4609 1247 4656 anno
1256 4593 1334 4654 Dour.
1352 4594 1455 4654 incarn.
1473 4593 1557 4666 uec,
1570 4609 1664 4654 mense
1676 4594 1791 4670 augusti,
1806 4593 1882 4652 tertie
1896 4591 1937 4650 in·

524 4711 538 4745 tt
554 4691 688 4767 dictionis,
700 4693 858 4768 regoiuem,
871 4699 939 4768 em,
954 4698 984 4751 ot
995 4695 1027 4751 io
1039 4691 1153 4752 altero.»
