4378 5954
551 595 594 660 84
1058 600 1273 664 cernuntur
1298 600 1472 664 4444444
1780 603 1860 682 [444.
1881 595 1968 670 leot.

556 733 706 828 quietem
720 735 874 809 omnium
888 737 1121 832 perturbabat,
1131 739 1276 812 iaciente
1286 739 1445 829 Domino,
1458 736 1660 810 mirabiliter
1670 737 1919 838 triumphavit(
1943 740 1969 835 ).

558 857 658 930 Unde
675 859 749 950 jam
768 881 830 954 per
850 861 911 932 Dei
934 862 1078 954 gratiam
1099 883 1161 956 per
1178 861 1255 954 ejus
1270 872 1323 934 est
1340 860 1546 934 industriam
1564 873 1785 957 procuratum
1800 874 1841 934 ut
1853 862 1973 938 fideles

558 981 608 1055 tui
637 983 699 1078 qui
724 1004 840 1055 muros
858 983 1074 1078 usquemodo
1096 986 1214 1080 egredi
1236 985 1488 1077 formidabant,
1515 1005 1635 1058 secure
1659 983 1822 1080 colligant
1840 1009 1971 1061 messes

557 1129 640 1182 suas
655 1117 690 1181 et
706 1129 747 1181 ea
762 1131 832 1204 que
847 1110 963 1183 hostes
980 1111 1234 1185 seminaverant
1254 1112 1320 1207 ipsi
1344 1121 1489 1202 metant,
1510 1111 1606 1182 stab
1624 1109 1674 1182 eis
1692 1111 1879 1205 plurimum
1897 1133 1971 1186 mc·

558 1239 698 1303 tuantur
714 1253 802 1326 quos
818 1234 897 1327 plus
913 1255 1020 1329 quam
1038 1235 1219 1329 expediret
1235 1237 1401 1308 hactenus
1417 1235 1628 1306 metuebant.
1642 1234 1710 1318 Qui
1726 1233 1830 1306 etiam
1850 1255 1972 1308 omnes

556 1377 644 1451 quos
657 1356 702 1429 de
714 1379 818 1430 mauu
834 1359 1052 1431 inimicorum
1071 1369 1207 1432 tuorum
1229 1369 1340 1456 potest
1355 1359 1503 1454 eripere,
1528 1357 1591 1430 tibi
1609 1357 1690 1430 lacit
1705 1357 1751 1430 ad
1768 1359 1971 1432 mandatum

556 1488 710 1552 nostmm
739 1479 914 1554 fidelitatis
937 1483 1132 1574 juramenta
1157 1493 1319 1579 prestare.
1344 1485 1472 1556 Verum
1497 1503 1542 1554 ue
1570 1479 1686 1554 adbuc
1708 1503 1855 1576 rognum
1886 1503 1972 1577 pace

556 1603 709 1695 gaudeat
722 1613 902 1700 exoptata,
920 1604 983 1676 sed
1002 1605 1078 1696 ejus
1096 1607 1244 1679 turbatio
1266 1605 1416 1700 amplius
1433 1613 1614 1700 augeatur,
1632 1605 1814 1676 Gualterus
1828 1605 1970 1676 canoel-

555 1726 664 1798 larius
677 1749 757 1798 oum
772 1727 909 1801 devicto
927 1739 961 1801 et
979 1731 1096 1823 fugato
1114 1731 1307 1825 composuit
1320 1739 1356 1804 et
1370 1729 1550 1802 uadentem
1567 1729 1687 1801 nititur
1704 1729 1884 1802 sustinere.
1899 1728 1968 1802 Sed

556 1872 636 1922 cum
649 1872 772 1922 manus
785 1851 921 1924 Domini
936 1853 981 1924 sit
995 1854 1030 1924 in
1044 1853 1199 1946 ejusdem
1210 1856 1253 1926 D.
1267 1855 1432 1926 ultionem
1445 1863 1599 1942 extenta,
1615 1853 1840 1927 cancellarius
1853 1853 1968 1947 ipsum

556 1974 725 2048 sustinere
741 1997 811 2048 non
827 1977 950 2072 poterit
964 1997 1029 2050 neu
1043 1999 1123 2050 cum
1141 1978 1217 2074 ipso
1234 1978 1415 2068 subsistet,
1432 1978 1494 2051 sed
1511 1987 1647 2050 corruet
1660 1999 1739 2050 cum
1754 1985 1888 2068 ruente,
1906 1975 1969 2070 qui

552 2101 625 2193 jam
639 2121 686 2173 ex
705 2099 836 2195 duplici
853 2123 956 2174 causa
973 2123 1052 2173 cum
1074 2101 1287 2196 quibusdam
1302 2104 1375 2176 suis
1389 2103 1581 2176 fautoribus
1602 2102 1807 2174 sententiam
1826 2113 1969 2174 excom·

556 2221 799 2296 muuioatiouis
819 2226 961 2298 incurrit
979 2223 1045 2320 (2).
1059 2227 1187 2301 Videas
1203 2228 1309 2321 igitur
1325 2227 1382 2299 cui
1401 2227 1517 2322 potius
1537 2223 1676 2299 medere
1694 2225 1834 2316 debeas,
1855 2234 1968 2296 utrum

557 2347 658 2420 nobis
670 2369 714 2419 an
731 2348 940 2442 quibusdam
956 2371 1002 2422 ex
1016 2351 1067 2422 eis
1079 2371 1166 2445 quos
1184 2351 1368 2424 familiares
1380 2351 1554 2447 appellas,
1569 2371 1648 2422 uum
1673 2370 1738 2422 nos
1760 2349 1796 2420 in
1819 2348 1969 2420 hostium

555 2479 692 2544 tuorum
712 2473 896 2567 vigilemus
912 2473 1090 2546 excidium
1111 2485 1146 2548 et
1164 2483 1311 2568 utroque
1335 2474 1465 2569 gladio,
1481 2476 1587 2547 altem
1603 2495 1667 2569 per
1683 2495 1759 2564 nos,
1781 2473 1888 2546 altero
1908 2493 1969 2567 per

554 2595 746 2690 predictum
761 2597 919 2670 comitem
938 2608 972 2670 et
988 2599 1074 2671 alios
1094 2598 1215 2674 fideles
1233 2609 1385 2690 nostros,
1411 2621 1530 2672 eorum
1548 2598 1700 2670 nitamur
1718 2593 1967 2668 contumacium

554 2719 729 2794 edomare.
748 2721 799 2794 llli
816 2731 932 2795 autam
956 2723 993 2793 iu
1015 2734 1120 2818 caput
1143 2734 1241 2796 tuum
1264 2724 1421 2818 gladium
1440 2722 1598 2794 hostibus
1613 2721 1683 2792 tuis
1700 2721 1841 2794 tradunt
1856 2729 1891 2792 et
1907 2739 1967 2791 eos

555 2864 625 2917 uon
640 2839 772 2940 absque
786 2847 913 2918 virium
929 2856 1066 2920 tuarum
1080 2847 1310 2920 infirmatione
1326 2848 1361 2919 in
1378 2869 1442 2920 sua
1457 2845 1638 2940 iniquitate
1651 2843 1862 2916 confirmant.
1878 2845 1967 2916 Saue

555 2967 585 3040 si
599 2989 722 3040 verum
737 2969 911 3065 inspicias,
926 2972 1005 3066 plus
1018 2972 1080 3044 tibi
1092 2973 1299 3045 brennensis
1314 2993 1430 3044 comes
1447 2971 1592 3043 contulit
1605 2991 1676 3041 uno
1695 2968 1753 3042 die
1770 2989 1875 3062 quam
1889 2969 1967 3062 qui·

555 3093 636 3166 dam
658 3093 720 3187 qui
740 3093 786 3166 de
807 3094 909 3168 bonis
931 3097 1000 3167 tuis
1026 3095 1171 3168 dilatant
1188 3095 1397 3192 phylacteria
1417 3115 1481 3168 sua
1498 3103 1533 3168 et
1550 3093 1774 3186 magnificant
1790 3091 1965 3182 fimbriae,

556 3217 749 3311 proluerint
763 3216 848 3290 dum
864 3219 1041 3292 vixerunt.
1055 3221 1106 3294 Ne
1123 3221 1231 3315 igitur
1244 3219 1396 3294 audieris
1409 3239 1543 3292 eosnec
1555 3239 1674 3291 uorum
1689 3215 1967 3292 oblocutionibus

556 3339 662 3414 iidem
681 3351 829 3436 prestes,
848 3344 1012 3437 quoniam
1029 3365 1100 3417 non
1122 3345 1287 3419 bonorem
1304 3355 1422 3436 tuum,
1440 3343 1503 3416 sed
1520 3343 1693 3438 propriam
1713 3341 1894 3413 utilitatem
1918 3340 1970 3412 al·

556 3464 700 3556 sectant,
714 3474 748 3538 et
761 3487 830 3539 noo
846 3477 983 3562 propter
997 3477 1047 3561 te,
1063 3468 1126 3542 sod
1137 3479 1275 3565 propter
1292 3491 1330 3542 se
1344 3469 1437 3564 ipsos
1449 3466 1573 3540 nostris
1586 3463 1873 3561 dispositionibus
1887 3483 1967 3535 uon-

554 3589 741 3662 tradicuut.
767 3591 921 3676 Quodsi
949 3589 1062 3665 lorsan
1093 3593 1179 3667 illud
1208 3595 1377 3686 objiciunt
1403 3600 1522 3665 contra
1549 3591 1708 3664 comitem
1738 3597 1965 3662 memoratum

555 3713 652 3806 quod
674 3715 717 3785 Η.
736 3715 911 3808 quondam
939 3717 1123 3811 imperator
1146 3717 1191 3790 de
1208 3738 1316 3812 reguo
1342 3737 1481 3789 uxorem
1505 3714 1581 3806 ojus
1604 3721 1639 3786 et
1666 3722 1810 3784 matrem
1832 3716 1908 3803 ojus
1932 3723 1966 3782 ot

595 3967 634 4042 (4)
653 3967 749 4026 Comus
760 3967 922 4027 biennensis
934 3986 950 4027 e
964 3969 1047 4028 Gallia
1060 3987 1122 4028 cum
1134 3972 1367 4045 cupieramus,
1380 3976 1490 4028 4444444
1500 3971 1576 4042 jnxta
1588 3970 1706 4043 Capuam
1718 3965 1878 4040 Diopuldum
1892 3965 1966 4038 luga·

555 4070 633 4122 verat
647 4068 680 4121 to
690 4064 758 4137 jonii
773 4069 853 4124 taos.
866 4067 932 4125 lude
945 4069 973 4126 in
986 4067 1107 4144 Apuliam
1122 4067 1261 4126 descendit
1271 4085 1352 4144 quam
1373 4068 1429 4126 lere
1447 4074 1530 4126 totam
1546 4065 1664 4124 dominio
1676 4080 1726 4122 suo
1745 4063 1909 4138 subjugavit.
1925 4061 1965 4119 ci.

557 4161 735 4219 44414444.
751 4165 805 4234 411,
820 4181 879 4238 cap.
894 4165 992 4236 XXX,
1006 4173 1034 4223 et
1046 4168 1120 4223 llruu.
1138 4182 1174 4222 44
1187 4168 1216 4224 S.
1229 4168 1332 4237 Gemu,
1348 4166 1474 4224 carunto.
1489 4164 1525 4220 ad
1537 4180 1603 4220 444.

593 4257 629 4334 (2)
648 4259 827 4319 Cancellarius
840 4263 926 4334 euim,
938 4279 1001 4337 rege
1013 4263 1040 4320 iu
1054 4263 1173 4321 custodia
1185 4264 1298 4320 Gentilie
1310 4263 1399 4319 fratris
1409 4263 1450 4319 sui
1468 4262 1573 4320 comitis
1585 4258 1726 4334 llanupelli
1742 4257 1862 4328 dimisso,
1878 4256 1906 4312 iu
1919 4255 1967 4313 Ca·

554 4355 667 4414 labriam
680 4363 708 4415 et
719 4359 845 4432 Apuliam
858 4360 1045 4419 transiretavit.
1062 4361 1113 4420 Ubi
1127 4377 1189 4418 oum
1204 4375 1297 4418 omues
1309 4361 1480 4417 ecclesiarum
1496 4359 1636 4416 thesauros
1651 4357 1779 4430 diriperet
1792 4363 1820 4412 et
1833 4368 1967 4412 summum

554 4453 708 4528 pontificem
721 4455 883 4528 diffamaret,
898 4458 1172 4516 excommunicatione
1185 4457 1340 4532 perculsus,
1353 4458 1388 4514 ub
1400 4457 1534 4514 universis
1545 4457 1688 4529 despectus
1704 4459 1732 4510 et
1743 4451 1820 4525 quasi
1840 4449 1914 4508 solos
1926 4465 1968 4505 re-

556 4553 664 4610 mansit.
672 4552 738 4609 Cum
752 4561 842 4612 autem
851 4555 947 4612 Petrus
961 4557 1113 4614 Portueusis
1125 4555 1276 4630 episcopus,
1288 4555 1316 4610 in
1328 4555 1423 4630 Apulia
1436 4555 1549 4628 legatus,
1559 4554 1583 4610 ei
1595 4551 1779 4628 praecepisset
1790 4557 1822 4605 ut
1834 4563 1864 4605 se
1877 4545 1966 4604 comiti

555 4649 699 4706 brennensi
717 4667 771 4708 uon
790 4659 950 4728 opponeret,
972 4653 1092 4714 conuiuia
1111 4655 1238 4730 episcopo
1252 4655 1306 4713 imo
1319 4653 1465 4712 christiano
1478 4653 1585 4726 indigna
1599 4651 1667 4708 ludit
1677 4656 1705 4707 et
1719 4649 1840 4724 protinus
1852 4646 1885 4703 ad
1900 4643 1965 4701 Dio-

553 4744 665 4820 puldum
680 4747 756 4805 abiit.
