4378 5954
220 543 319 606 horor.
338 543 399 623 ta]
675 541 872 604 HlS'l'OlllA
897 538 1188 602 utatollttttct.
1580 539 1637 603 16¹1

222 679 393 756 Gnillelmi
417 699 550 752 necnon
574 679 793 773 postmodum
817 677 955 752 lienrici
974 677 1150 772 quondam
1170 677 1384 773 imperatoris
1407 677 1512 772 patris
1531 677 1636 749 nostri

223 813 259 876 et
276 801 504 875 illustrissime
520 802 746 894 imperatricis
759 801 877 872 matris
892 809 1007 874 nostra
1023 801 1089 896 ipsi
1109 801 1251 874 ecclesie
1265 802 1405 874 fuorunt
1418 799 1565 891 indulta,
1575 821 1638 872 seu

223 926 319 1022 quod
346 926 432 1022 ipsis
460 925 494 997 in
524 924 715 1020 privilegiis
739 925 877 1021 plenius
905 925 1111 998 continetur.
1141 925 1338 1019 Specialiter
1368 933 1485 996 autem
1516 945 1638 998 conco·

224 1049 341 1124 dimus
357 1032 392 1124 et
410 1029 654 1122 confirmamus
672 1047 787 1122 eidem
806 1049 951 1122 ecclesie
969 1050 1027 1146 pia
1046 1049 1319 1122 consideratione
1335 1046 1385 1144 (a)
1400 1047 1544 1120 donavit
1558 1071 1638 1121 cum

223 1175 387 1249 omnibus
416 1173 613 1246 tenimentis
640 1183 674 1246 et
699 1173 915 1269 pertinentiis
942 1195 983 1246 ac
1005 1174 1155 1266 justiciis
1182 1195 1314 1246 eorum.
1346 1173 1489 1268 Insuper
1517 1194 1638 1246 conce·
1719 1245 1726 1264 ,

224 1299 341 1375 dimna
358 1309 394 1371 et
411 1297 655 1370 confirmamus
672 1297 786 1372 eidem
804 1299 949 1372 ccclesia
965 1299 1119 1394 Appium
1132 1307 1166 1370 et
1180 1299 1293 1372 casale
1311 1297 1426 1370 Sancti
1445 1298 1552 1390 Petri,
1569 1321 1639 1394 que

224 1423 412 1496 Gcrvasius
426 1430 508 1494 tunc
525 1421 689 1519 temporis
702 1422 906 1496 Tarentinus
924 1421 1234 1516 archiepiscopusa
1253 1421 1372 1494 Sibilia
1390 1431 1473 1494 tunc
1498 1420 1640 1495 domina

224 1547 329 1642 Appii
347 1545 393 1620 do
410 1546 512 1618 bonis
528 1547 639 1642 ipsius
656 1547 801 1620 ecclesie
817 1547 910 1620 licite
927 1567 970 1618 ac
988 1547 1096 1620 libere
1114 1547 1326 1640 comparavit
1344 1544 1409 1640 (d);
1430 1568 1535 1640 quam
1552 1568 1640 1621 uen-

224 1669 389 1745 ditionem
413 1671 527 1744 dictus
557 1671 742 1766 imperator
764 1680 862 1766 puter
886 1680 1000 1743 noster
1023 1681 1057 1742 et
1077 1671 1294 1744 serenissima
1315 1681 1431 1742 nostra
1451 1681 1560 1744 mater
1576 1693 1641 1744 au·

223 1805 326 1889 gusta
351 1794 568 1890 postmodnm
593 1805 700 1868 ratam
720 1795 905 1884 habentes,
928 1795 1040 1868 cidem
1057 1794 1201 1868 ecclesio
1227 1815 1288 1889 per
1310 1794 1530 1889 privilegium
1556 1817 1641 1870 con·

225 1917 417 1992 firmarunt.
450 1919 679 1994 concedimus
707 1921 849 2016 insuper
874 1929 910 1993 et
937 1919 1201 2016 inperpetuum
1229 1918 1471 1995 confirmamus
1496 1921 1641 1996 ecclesie

224 2045 377 2116 Soletum
410 2043 507 2138 qrmd
542 2043 826 2140 archiepiscopus
858 2044 1012 2138 Angelus
1041 2045 1086 2118 dc
1116 2043 1283 2139 imperiali
1320 2043 1458 2116 licentia
1492 2045 1641 2140 propriis

222 2167 368 2242 ecclesia
390 2168 586 2263 sumptibus
605 2166 783 2242 edificavit
804 2189 885 2242 cum
908 2167 1070 2242 omnibus
1087 2167 1228 2260 justitiis
1255 2175 1290 2240 et
1311 2167 1536 2262 pertinentiis.
1560 2223 1570 2242 .
1592 2223 1602 2240 .
1627 2223 1636 2241 .

226 2345 238 2364 .
261 2345 271 2364 .
296 2346 305 2364 .
326 2290 383 2388 (c).
404 2291 460 2367 Ad
476 2291 582 2385 hujus
598 2301 715 2365 autem
733 2293 965 2366 concessionis
980 2291 1031 2388 (d)
1049 2301 1085 2367 et
1102 2291 1368 2366 confirmationis
1387 2295 1587 2368 memoriam
1604 2305 1641 2368 et

223 2415 423 2490 inviolabile
440 2417 575 2490 cunctis
598 2417 723 2490 seculis
743 2415 1015 2510 firmamentum,
1035 2439 1177 2514 presens
1197 2418 1417 2513 privilegium
1435 2439 1497 2513 per
1513 2441 1639 2492 manus

223 2539 343 2614 Jacobi
367 2541 413 2614 dc
430 2539 547 2637 Capua
571 2541 695 2614 notarii
718 2563 760 2615 ac
778 2541 892 2614 tidelis
918 2543 1023 2615 nostri
1045 2542 1148 2614 scribi
1175 2553 1209 2614 et
1232 2542 1345 2636 sigillo
1368 2551 1482 2615 nostre
1499 2545 1637 2616 celsitu·

223 2661 319 2738 dinis
337 2664 581 2739 mandavimus
599 2665 770 2758 insigniri,
789 2687 894 2756 anno,
914 2687 1032 2740 mense
1046 2676 1081 2738 et
1094 2666 1281 2738 indictione
1296 2665 1511 2761 subscriptis.

273 2789 399 2860 Datum
418 2788 609 2862 incivitate
625 2791 797 2881 Messana,
817 2812 909 2864 anno
926 2791 1098 2864 dominica
1115 2789 1359 2864 incarnationis
1371 2790 1505 2882 MCCX,
1520 2813 1640 2866 manse

223 2913 358 3009 aprilis,
375 2912 626 2988 decimotertio
643 2914 844 3008 indictione,
863 2917 962 3010 regni
977 2937 1060 2990 vero
1073 2917 1193 2990 nostri.
1218 2969 1227 2988 .
1252 2969 1261 2988 .
1286 2969 1318 3008 .,
1336 2915 1492 2990 ieliciter.
1511 2915 1634 2990 Amen.

276 3589 490 3677 Fridericus
507 3621 572 3679 rex
587 3595 751 3704 Siciliae,
763 3597 813 3679 ad
831 3597 1145 3708 supplicationem
1164 3601 1356 3685 Guillelmi
1374 3607 1546 3720 magistri
1564 3613 1640 3697 dc-

223 3747 311 3806 mus
330 3725 486 3811 militiae
504 3729 649 3840 Templi
667 3731 707 3812 iu
727 3731 875 3840 Sicilia,
894 3733 1017 3816 eidem
1035 3733 1166 3816 domui
1185 3738 1356 3822 concedit
1377 3749 1414 3823 et
1440 3743 1639 3830 confirmat
1748 3710 1816 3797 Ψ

223 3857 436 3944 Pantanuur
466 3863 618 3948 Salsum
635 3865 675 3946 in
692 3868 899 3950 tenimento
916 3867 1085 3978 Lentim,
1105 3894 1253 3952 necnon
1271 3869 1427 3958 barcam
1452 3879 1502 3960 ad
1525 3907 1639 3964 usum

222 3991 395 4100 piscandi
422 4022 490 4105 per
516 4007 637 4082 totum
662 3997 822 4084 flurium
850 4001 1023 4110 Lentini,
1041 4002 1243 4112 piscariam
1270 4031 1424 4116 quoque
1445 4010 1638 4098 alosarum

264 4232 303 4316 (a)
330 4237 482 4311 Quaedam
495 4239 537 4300 ibt
550 4243 613 4302 dna
626 4242 716 4304 dnbio
729 4243 847 4306 desum.

263 4339 301 4420 (b)
328 4341 387 4420 Ap.
402 4343 519 4424 Ughelll
532 4350 708 4429 ccmmwd,
723 4351 813 4412 male.

264 4445 301 4526 (c)
328 4449 385 4510 lltc
397 4452 518 4515 addltnr
530 4457 563 4516 tn
575 4457 718 4534 impresso
733 4475 742 4516 :
758 4457 943 4520 emmona
963 4466 992 4521 ct
1017 4457 1245 4541 roufinuuticuis
1268 4462 1433 4523 maurium
1455 4464 1536 4545 ajon
1558 4467 1638 4546 quod

222 4569 274 4631 per
286 4557 476 4620 omlunttam
489 4563 639 4639 scrtptoru
651 4563 807 4626 redundo.

262 4659 305 4739 (d)
331 4663 369 4724 ln
382 4666 524 4742 impresso
532 4668 694 4747 petitionis,
708 4673 809 4733 minua
820 4676 907 4732 recte.
