4334 5980
502 554 564 616 stt
1003 557 1217 622 retentet
1241 557 1416 622 sltctlllltl
1728 553 1808 639 [Aa
1826 555 1910 618 leta

506 699 609 764 tenus
626 689 782 787 possedit
798 694 855 765 vel
874 714 968 766 nuuc
985 694 1160 790 possidet,
1180 669 1380 770 eub'ncetre
1396 691 1551 766 tuitionis
1566 692 1735 766 tutonriuc
1753 691 1915 788 deinceps

507 815 692 890 statuimus
711 816 962 912 permanenda,
995 819 1188 914 specialiter
1209 828 1327 894 autem
1348 827 1385 892 et
1407 815 1610 890 nominatim
1633 817 1796 890 forestum
1819 815 1914 911 quod

485 955 488 962 '
506 939 597 1012 circa
618 941 739 1014 cellum
756 939 914 1036 undique
931 942 1085 1016 tenditur
1100 951 1136 1016 et
1150 965 1194 1016 ea
1205 965 1276 1038 que
1297 943 1388 1014 intra
1404 939 1567 1016 mutuor
1588 938 1700 1036 ipsius
1715 939 1833 1012 ioroeti
1846 959 1915 1032 que

503 1065 595 1158 juris
603 1075 702 1140 eraut
712 1067 846 1164 imperii
860 1067 896 1138 in
910 1068 1166 1160 venationibus,
1177 1067 1440 1164 piscationibus,
1451 1065 1590 1162 pascuis
1604 1064 1751 1138 cultiset
1763 1063 1912 1152 incultis,

507 1199 630 1286 etque
649 1190 685 1263 iu
707 1189 790 1264 selis
811 1191 869 1264 vel
891 1191 928 1262 iu
949 1192 1136 1285 cujuslibet
1157 1193 1284 1266 metalli
1302 1191 1403 1265 vanis
1427 1189 1658 1264 subterraneis
1683 1188 1832 1262 inveniri
1855 1198 1915 1261 aut

505 1314 672 1388 elaborari
698 1313 893 1410 potuerint3
923 1317 1067 1390 salinam
1092 1337 1234 1412 quoquc
1262 1313 1299 1389 in
1328 1317 1406 1388 loco
1430 1313 1491 1410 qui
1522 1313 1649 1390 dicitur
1674 1311 1910 1408 Goldeupacb,

505 1439 658 1536 itemque
670 1440 815 1514 saliuam
832 1462 903 1537 que
919 1452 972 1516 est
989 1442 1079 1516 inter
1094 1443 1200 1516 Todel
1219 1443 1386 1516 stlocum
1403 1441 1467 1536 qui
1484 1439 1614 1514 dicitur
1629 1439 1734 1530 llice,
1751 1453 1787 1511 ct
1799 1436 1912 1510 omnia

504 1585 574 1658 que
590 1563 694 1638 babet
709 1565 797 1640 intra
816 1566 980 1640 terminos
998 1567 1112 1640 foresti
1133 1566 1331 1662 designatos
1350 1565 1532 1662 privilegio
1546 1586 1569 1637 a
1584 1563 1669 1638 divo
1689 1572 1786 1660 patre
1800 1571 1913 1634 uestro

504 1689 647 1780 collato,
672 1690 865 1763 cumomni
884 1692 966 1783 jure
984 1692 1142 1784 ejusdem
1160 1691 1274 1766 foresti
1297 1689 1394 1786 quud
1414 1711 1530 1764 eomes
1547 1687 1773 1783 Eugelbertus
1791 1685 1913 1780 suique

506 1823 667 1908 parentes
683 1813 796 1908 longis
807 1823 898 1886 retro
911 1816 1125 1910 temporibus
1136 1838 1199 1912 per
1211 1817 1373 1888 terminos
1387 1815 1512 1888 subtus
1523 1823 1658 1886 notatos
1670 1810 1909 1908 possederant,

506 1944 582 2030 post
603 1957 663 2008 eos
687 1935 791 2010 ctiam
818 1959 934 2010 comes
959 1939 1177 2034 Periugarius
1201 1939 1246 2012 de
1268 1938 1436 2012 Sulzbacb
1454 1937 1516 2033 qui
1537 1935 1630 2010 idem
1651 1937 1814 2010 forestum
1836 1957 1913 2031 pre·

506 2061 574 2131 late
591 2059 735 2134 ecclesie
756 2061 836 2156 plus
860 2084 966 2156 quam
991 2063 1132 2158 triginta
1155 2063 1256 2136 aunis
1278 2075 1358 2136 ante
1376 2061 1560 2160 imperium
1580 2059 1835 2132 clementissimi
1855 2059 1912 2132 avi

506 2185 613 2256 nostri
632 2185 836 2276 tradiderat,
857 2185 955 2260 firma
971 2188 1021 2260 eis
1039 2209 1229 2284 corumque
1240 2187 1497 2260 successoribus
1515 2195 1550 2258 et
1566 2185 1696 2258 illibata
1710 2183 1806 2256 omui
1824 2193 1912 2256 tem-

507 2329 589 2404 pore
598 2319 833 2404 permaneant.
848 2311 997 2384 Termini
1011 2321 1127 2386 autem
1139 2313 1270 2408 quibus
1284 2313 1400 2408 ipsum
1415 2313 1576 2384 forestum
1588 2310 1737 2404 cingitur
1750 2307 1799 2380 bii
1812 2317 1908 2380 suut:

505 2433 638 2530 primus
662 2433 832 2532 iucipiens
854 2435 891 2508 in
913 2436 1027 2510 rivulo
1047 2438 1109 2532 qui
1134 2437 1262 2510 dicitur
1282 2437 1454 2533 Diezpacb
1476 2443 1512 2508 ct
1530 2432 1615 2506 inde
1632 2433 1668 2504 in
1690 2431 1844 2506 medium
1862 2432 1912 2504 al·

506 2577 610 2630 veum
627 2559 780 2632 fluminis
800 2559 898 2654 quod
921 2559 1049 2634 dicitur
1066 2561 1145 2636 Sata
1163 2559 1379 2636 descendens
1394 2559 1558 2656 pertingit
1570 2556 1617 2631 ad
1630 2557 1748 2630 villam
1761 2557 1912 2630 Walwes

505 2680 552 2754 ad
569 2683 715 2758 abietem
736 2683 774 2756 iu
792 2683 961 2758 cimiterio
978 2695 1145 2778 stantem,
1164 2695 1199 2758 et
1215 2685 1298 2760 inde
1317 2693 1531 2758 transmeans
1549 2681 1596 2756 ad
1615 2681 1829 2774 adiacentem
1848 2703 1913 2775 pa-

506 2807 622 2881 ludem
644 2831 714 2903 que
738 2807 864 2882 dicitur
883 2809 1032 2882 Vilzmos
1054 2809 1280 2906 pervenitad
1305 2809 1424 2882 villam
1449 2829 1520 2904 que
1545 2815 1689 2880 vocatur
1709 2805 1831 2878 Auara
1852 2805 1910 2876 ubi

505 2933 617 3006 tontes
641 2932 831 3006 decurrunt
853 2933 889 3004 iu
913 2933 1061 3006 fluvium
1085 2933 1245 3028 Sadrahe,
1268 2943 1303 3008 et
1326 2934 1409 3008 inde
1434 2929 1655 3006 ascendendo
1677 2949 1739 3028 per
1760 2929 1912 3003 medium

505 3057 643 3131 alveum
669 3055 765 3130 fluvii
784 3057 947 3152 pertingit
965 3057 1011 3130 ad
1029 3059 1245 3155 superiorem
1262 3057 1510 3154 Skarempach3
1537 3053 1620 3130 iude
1641 3053 1813 3128 scandens
1829 3055 1912 3126 Var-

506 3181 672 3254 meueclre
694 3191 856 3278 etusque
872 3183 1047 3257 Swalweu
1065 3184 1284 3279 pervenitad
1306 3183 1471 3256 verticem
1489 3181 1551 3278 qui
1573 3180 1687 3254 Galicb
1708 3181 1908 3278 appelatur.

507 3305 592 3379 lude
613 3315 727 3379 ortum
745 3304 812 3376 rivi
831 3303 1095 3403 Cbunigespacb
1112 3307 1342 3402 pertransiens
1360 3305 1506 3380 vertices
1524 3304 1693 3378 montium
1710 3303 1914 3400 Vozinspem

506 3439 541 3502 et
553 3427 790 3503 Polresrvoclre
802 3451 865 3526 per
882 3429 1015 3504 mediae
1031 3433 1141 3505 ualles
1155 3441 1191 3506 et
1204 3439 1338 3506 montes
1350 3429 1432 3504 iude
1443 3430 1540 3503 veuit
1553 3427 1600 3502 ad
1612 3429 1775 3502 verticem
1789 3427 1914 3500 montis

506 3553 709 3628 Vislruulrel.
726 3553 811 3628 Inde
827 3577 890 3650 per
904 3555 1057 3629 medium
1075 3556 1246 3630 montium
1258 3557 1452 3646 cacumina,
1468 3555 1560 3627 aicut
1576 3573 1668 3648 aque
1684 3551 1767 3624 binc
1780 3561 1815 3625 et
1832 3547 1914 3622 iude

507 3677 712 3772 decurrunt,
728 3680 912 3753 revertitur
926 3679 973 3754 ad
988 3689 1101 3754 ortum
1114 3682 1183 3754 rivi
1197 3681 1366 3778 Diezpacb
1384 3703 1446 3778 per
1461 3675 1585 3776 quiem,
1602 3679 1692 3752 siem
1708 3677 1754 3750 ab
1770 3687 1914 3771 utraque

505 3811 604 3898 purte
620 3801 668 3876 ad
686 3803 800 3897 ipsum
818 3825 909 3898 aque
923 3803 1127 3898 decurrunt,
1150 3805 1198 3880 ad
1215 3805 1408 3903 predictum
1426 3805 1555 3877 flumen
1578 3801 1656 3876 Sale
1671 3797 1914 3876 descendendo

506 3925 636 4000 finitur.
654 3924 881 4001 Advocatiam
895 3949 1035 4024 quoque
1051 3929 1161 4024 ipsius
1175 3929 1241 4003 loci
1256 3939 1326 4003 tam
1340 3951 1362 4002 a
1375 3929 1596 4002 fundaturum
1608 3923 1795 3998 heredibus
1809 3943 1913 4017 quarn

506 4049 688 4144 abaliquo
705 4048 905 4140 bominum,
921 4051 989 4123 nisi
1002 4073 1106 4146 quom
1124 4053 1319 4149 prepositus
1336 4063 1372 4126 et
1388 4053 1507 4126 iratres
1520 4051 1649 4123 utiliter
1666 4047 1828 4122 duxerint
1844 4047 1916 4120 eli-

507 4174 674 4270 gendum,
687 4175 848 4270 usurpari
860 4173 974 4250 modis
986 4177 1148 4250 omnibus
1164 4175 1373 4250 inhibemus.
1388 4177 1491 4250 Porro
1504 4176 1535 4250 si
1549 4175 1580 4248 is
1595 4174 1656 4269 qui
1670 4173 1800 4246 electus
1815 4171 1916 4244 luerit

507 4299 625 4394 gravis
638 4299 690 4372 eie
705 4307 740 4374 et
754 4299 885 4374 inutilis
895 4300 1065 4388 extiterit,
1085 4301 1200 4396 ipsum
1214 4301 1402 4398 repellendi
1420 4311 1455 4374 et
1470 4301 1644 4374 meliorem
1658 4298 1695 4370 iu
1710 4299 1825 4370 locum
1837 4297 1916 4389 ejus

508 4423 742 4499 substituendi
762 4425 906 4499 libemm
932 4427 984 4498 cis
1005 4424 1228 4498 concedimus
1248 4427 1456 4500 facultatem.
1476 4425 1600 4498 Omnia
1617 4442 1758 4518 quoque
1778 4441 1848 4516 que
1869 4419 1916 4491 li-

511 4549 687 4622 beralitate
695 4569 817 4642 regum
826 4551 882 4624 vel
891 4550 1151 4644 imperatorum,
1165 4550 1345 4646 largitione
1353 4550 1564 4649 principum,
1573 4547 1747 4623 oblatione
1760 4543 1914 4619 fidelium

513 4671 666 4769 predicte
683 4673 826 4748 ecclesie
843 4673 966 4746 collata
984 4683 1065 4746 suut
1081 4675 1139 4750 vel
1156 4674 1192 4748 iu
1213 4685 1388 4772 postemm
1412 4675 1539 4750 luerim
1560 4675 1700 4764 collata,
1725 4669 1916 4768 specialiter
