4434 5942
507 511 549 574 26
1011 515 1226 578 FRlllElllCl
1252 514 1426 578 SECUNDI
1729 513 1811 602 [dna.
1829 517 1915 582 1199.

510 648 548 720 in
573 657 678 745 caput
700 659 854 724 vestrum
879 649 1004 724 debeat
1028 654 1228 747 retorqueri.
1251 655 1437 749 Speremus
1456 657 1573 722 autom
1594 649 1691 744 quod
1711 651 1777 725 hec
1797 661 1832 726 et
1849 653 1917 726 aliu

511 793 581 866 que
604 771 785 846 imminent
812 773 970 848 iacienda
996 773 1142 849 fideliter
1166 775 1412 872 adimplebitis,
1434 781 1509 846 tum
1531 794 1577 847 ex
1602 773 1719 848 debito
1743 774 1920 850 fidelitatis

510 918 581 990 qno
598 896 699 970 nobis
717 907 752 970 et
769 898 921 972 Ecclesie
938 900 1091 973 Romane
1105 899 1268 974 tenemini
1289 909 1325 973 et
1339 899 1442 973 etiam
1459 897 1525 993 ipsi
1541 897 1632 992 regi,
1648 907 1722 972 torn
1740 921 1787 972 ex
1804 901 1918 976 officio

509 1020 606 1114 qnod
634 1021 735 1094 vobis
762 1020 951 1114 incumbit;
970 1022 1017 1096 ad
1040 1022 1136 1117 quod
1160 1024 1289 1096 utiliter
1310 1021 1557 1118 exequendum
1585 1023 1684 1094 lavor
1707 1023 1920 1118 apostolicus

509 1145 611 1218 vobis
623 1166 693 1218 non
706 1144 816 1219 deerit
826 1155 1031 1241 oportunus,
1045 1147 1130 1242 quin
1144 1149 1248 1220 etium
1261 1149 1307 1222 ad
1319 1149 1483 1220 bonorem
1496 1154 1531 1219 et
1545 1145 1736 1242 proiectum
1745 1157 1915 1238 vestrum,

508 1269 538 1342 si
563 1269 744 1342 sollicitam
763 1268 867 1345 fidem
891 1279 926 1344 et
947 1270 1084 1344 lidelem
1109 1273 1376 1346 sollicitudinem
1397 1270 1435 1343 in
1455 1269 1557 1344 vobis
1586 1269 1721 1366 experti
1749 1271 1918 1346 fuerimus

507 1402 548 1466 ut
571 1415 768 1490 speramus,
786 1395 971 1470 efficaciter
991 1395 1223 1470 intendemus.
1251 1398 1320 1470 Nos
1337 1405 1455 1470 autem
1474 1389 1611 1468 interim
1632 1393 1773 1468 assidue
1792 1417 1919 1491 pmou·

507 1539 625 1591 ramus
635 1527 676 1592 ut
691 1518 736 1592 de
753 1519 968 1608 Lombardis,
985 1517 1119 1609 Tuscis,
1134 1519 1310 1612 Romanis,
1326 1518 1511 1615 Campanis
1531 1527 1567 1592 et
1585 1518 1662 1593 aliis
1678 1518 1920 1612 adjacentibus

509 1643 700 1740 provinciis
722 1643 863 1716 validus
884 1643 1060 1716 exercitus
1073 1653 1313 1738 congregetur,
1334 1665 1396 1740 per
1412 1665 1516 1738 quem
1540 1643 1655 1717 dictus
1674 1643 1919 1717 Maroovaldns

509 1768 568 1841 vel
582 1768 720 1861 lugetur
733 1789 839 1861 quam
856 1767 959 1840 citius
972 1768 1028 1842 vol
1042 1767 1308 1866 irreparabiliter
1322 1777 1529 1843 conteratur.
1545 1767 1602 1842 Ad
1615 1789 1685 1863 que
1699 1769 1919 1864 procuranda

510 1888 660 1964 rectores
680 1891 804 1964 Tuscis
821 1891 918 1987 apud
937 1892 1064 1966 Urbem
1082 1894 1228 1967 lecimus
1242 1894 1441 1986 convenire,
1465 1915 1546 1968 cum
1562 1893 1693 1988 quibus
1719 1894 1767 1967 ita
1787 1915 1918 1990 procu-

511 2014 667 2090 ravimus
693 2014 789 2110 quod
812 2015 884 2089 duo
905 2016 1014 2090 millia
1032 2017 1180 2090 militum
1196 2019 1253 2092 vel
1271 2016 1318 2091 ad
1337 2017 1454 2090 minus
1470 2018 1565 2090 mille
1584 2017 1793 2112 quingentos
1816 2018 1919 2091 nobis

512 2141 589 2213 eino
604 2139 737 2233 solidis,
757 2139 991 2214 inmoderatis
1002 2149 1118 2214 boren
1133 2142 1309 2238 expensis,
1324 2141 1481 2215 similiter
1495 2151 1530 2216 ot
1542 2141 1677 2238 pedites
1694 2151 1729 2216 et
1743 2141 1919 2216 archarius

510 2273 597 2360 quot
615 2265 798 2338 necessarii
816 2265 944 2340 luerint
961 2265 1007 2340 ed
1025 2265 1229 2339 mandatum
1248 2275 1403 2340 nostrum
1426 2268 1464 2338 in
1482 2267 1581 2362 regni
1598 2265 1794 2340 subsidium
1811 2264 1918 2339 desti·

511 2388 662 2479 nabunt;
680 2409 743 2483 per
760 2409 863 2482 quos,
884 2388 989 2462 dante
1004 2389 1169 2482 Domino,
1188 2390 1256 2462 nisi
1273 2413 1335 2487 per
1353 2412 1419 2464 vos
1434 2390 1580 2482 steterit,
1601 2390 1853 2486 reportabimus
1872 2390 1919 2464 de

510 2511 662 2586 inimicis
681 2512 781 2606 regni
799 2512 1025 2610 triumphum.
1045 2513 1213 2588 Volumus
1232 2515 1336 2588 etiam
1356 2514 1580 2588 nibilominus
1600 2521 1635 2586 et
1655 2513 1863 2588 mandamns
1878 2523 1919 2586 ut

509 2657 574 2710 nos
593 2657 699 2733 super
715 2638 822 2713 tutela
847 2638 941 2732 regis
966 2646 1002 2710 et
1026 2637 1126 2732 regni
1149 2639 1242 2712 balio
1265 2647 1346 2712 ante
1369 2639 1486 2712 omnia
1512 2645 1625 2712 vestm
1646 2635 1799 2712 reddatis
1819 2637 1918 2730 jura·

508 2770 626 2836 mento
643 2783 796 2855 securos,
806 2771 841 2835 et
850 2763 952 2856 juxta
966 2761 1152 2859 providum
1170 2761 1255 2836 dicti
1268 2763 1371 2857 legati
1388 2763 1570 2836 consilium
1584 2771 1654 2836 tom
1665 2769 1798 2835 nostras
1811 2783 1918 2857 quam

509 2886 603 2979 regis
612 2906 675 2981 per
684 2887 886 2959 universum
896 2907 1041 2980 regnum
1053 2887 1182 2960 litteras
1195 2909 1258 2982 per
1268 2889 1408 2960 nuntius
1420 2885 1565 2960 idoneos
1574 2885 1812 2976 destinetis,nt
1823 2887 1918 2958 omni

509 3007 675 3081 dilatione
688 3017 722 3083 et
734 3009 958 3084 excusatione
972 3019 1140 3102 cessante,
1151 3020 1305 3084 vestrum
1317 3011 1488 3086 imitantes
1500 3013 1701 3108 exemplum
1714 3010 1753 3084 id
1769 3010 1919 3085 debeant

506 3131 709 3228 adimplere.

435 3271 438 3286 '
556 3259 682 3331 Datum
697 3257 866 3352 Laterani,
882 3259 958 3332 Vlll
973 3258 1139 3334 kalendas
1153 3261 1329 3350 februarii,
1343 3282 1435 3335 anno
1445 3257 1664 3356 pontificatus
1677 3260 1801 3357 primo.

556 3382 719 3478 Sequitur
734 3381 779 3456 de
794 3403 833 3456 ro
846 3381 972 3457 eadem
989 3385 1096 3458 altera
1114 3385 1257 3481 epistola
1276 3387 1381 3480 clero,
1405 3385 1607 3478 baronibus,
1623 3384 1814 3478 judicibus,
1829 3385 1922 3457 mili-

509 3505 603 3578 tibus
625 3517 661 3580 et
679 3507 845 3580 universo
867 3510 998 3605 populo
1028 3509 1202 3606 Capuanis
1225 3509 1374 3600 directa,
1402 3519 1442 3584 ut
1466 3529 1528 3606 pru
1553 3508 1663 3606 patria
1686 3518 1805 3582 conba
1830 3508 1919 3583 blar-

508 3628 672 3703 cualdum
688 3632 818 3706 sortitor
832 3632 1019 3707 decertent.

435 4272 449 4302 ο
562 4229 804 4344 Innocentius
821 4253 922 4337 papa
947 4225 1137 4310 Friderioo
1155 4225 1303 4309 Siciliae
1321 4224 1402 4335 regi
1418 4223 1564 4306 litteras
1585 4215 1856 4305 consolatorias
1873 4215 1923 4299 de

377 4325 436 4358 m
508 4376 631 4450 morte
647 4363 767 4475 patris
785 4371 823 4446 et
838 4360 973 4446 matris
995 4359 1078 4470 ejus
1095 4359 1229 4467 mittit,
1249 4359 1431 4442 nuntians
1458 4356 1563 4467 quod
1589 4378 1678 4438 oum
1701 4347 1923 4435 Constantia

507 4497 728 4606 imperatrix
753 4497 881 4607 ipsum
897 4493 1039 4579 tutelae
1061 4519 1152 4577 suae
1173 4491 1405 4576 commiserit
1424 4499 1463 4574 et
1488 4489 1643 4598 insuper
1674 4484 1823 4568 Siciliae
1849 4507 1920 4564 re-

507 4656 628 4742 gnum
647 4630 697 4714 ad
713 4629 986 4741 patrimonium
998 4627 1187 4712 Ecclesiae
1208 4625 1413 4736 pertineat,
1431 4647 1626 4709 summum
1644 4617 1861 4732 pontificem
1873 4613 1922 4697 de

2194 391 2205 482 l

2196 696 2203 775 l
