4382 5946
542 549 605 614 ³16
1050 557 1264 619 rntnntttct
1289 556 1461 618 sectant
1767 557 1848 636 [dnn.
1868 557 1953 618 1214.

549 688 654 760 buisti
671 700 706 762 et
723 711 785 784 pro
803 691 911 764 multa
932 692 1109 766 honestate
1124 704 1182 768 tua
1199 695 1332 768 sincere
1354 703 1388 766 te
1408 691 1584 786 diligimus
1602 702 1637 766 et
1653 713 1790 788 semper
1808 693 1953 766 bonora-

548 811 662 884 bimus
685 822 720 884 et
741 813 928 887 honoribus
953 823 987 888 et
1011 815 1189 890 beneficiis
1215 827 1249 890 te
1276 817 1518 890 exaltabimus.
1535 817 1679 912 insuper
1702 839 1765 913 pro
1781 816 1955 912 obsequiis

432 993 439 1004 .
548 934 617 1008 tuis
634 956 703 1030 que
720 957 783 1010 nos
801 937 867 1032 ipsi
886 961 906 1011 a
925 947 958 1010 te
972 942 1191 1034 presuminus
1207 951 1419 1038 recepturus,
1434 949 1470 1014 et
1480 950 1519 1012 ut
1531 949 1569 1012 ιιι
1582 940 1745 1012 libentius
1754 952 1789 1012 et
1799 941 1866 1012 sub
1884 961 1955 1012 ma·

544 1062 619 1151 jore
649 1059 834 1135 devotione
861 1072 895 1135 te
920 1063 967 1136 ad
995 1085 1057 1137 nos
1082 1067 1282 1156 transieras,
1301 1066 1532 1161 promittimus
1562 1064 1625 1136 tibi
1652 1075 1687 1137 et
1705 1065 1871 1160 presentis
1894 1063 1954 1136 tibi

547 1185 663 1278 scripti
677 1185 920 1260 confirmamus
935 1189 1135 1262 auctoritate
1148 1189 1243 1284 quod
1260 1212 1366 1286 quam
1385 1190 1533 1284 primum
1549 1191 1642 1262 Deus
1660 1199 1808 1262 castrum
1823 1189 1954 1262 Lunds-

547 1329 628 1380 cron
648 1311 749 1382 nobis
767 1311 920 1402 dederit,
945 1323 1018 1384 tum
1040 1315 1149 1410 ipsius
1172 1315 1274 1388 castri
1297 1314 1461 1409 palatium
1483 1314 1545 1385 tibi
1567 1315 1820 1386 committemus
1843 1322 1954 1386 custo·

547 1431 736 1526 diendum,
758 1445 796 1506 ut
811 1447 846 1506 ιιι
862 1437 950 1510 illud
965 1438 1065 1511 nobis
1087 1448 1121 1512 et
1137 1439 1282 1535 imperio
1306 1437 1480 1512 custodias
1501 1449 1536 1510 et
1558 1437 1737 1528 observes,
1755 1437 1847 1510 sicut
1862 1436 1907 1510 de
1922 1448 1954 1510 te

546 1560 777 1654 presumimus
794 1571 829 1632 et
846 1561 935 1634 sicut
949 1542 1044 1635 tuam
1063 1562 1162 1636 decet
1177 1563 1280 1637 fldem
1299 1573 1334 1636 et
1350 1563 1575 1636 honestatem.
1592 1563 1748 1634 Preterea
1757 1567 1859 1654 juxta
1874 1581 1953 1634 con·

546 1683 660 1756 silium
684 1685 886 1758 dilectorum
910 1683 1065 1760 fidelium
1088 1697 1282 1760 nostrorum
1304 1687 1342 1759 C.
1362 1687 1524 1760 lietensis
1543 1695 1579 1758 et
1595 1687 1765 1782 Spirensis
1781 1685 1951 1780 episcopi,

547 1809 733 1904 imperialis
754 1811 833 1882 aule
850 1812 1060 1903 cancellarii,
1086 1822 1121 1884 et
1138 1811 1337 1904 Werncberi
1363 1811 1409 1884 de
1432 1811 1600 1884 bolandia
1618 1811 1763 1906 dapiferi
1788 1811 1896 1882 nostri
1921 1819 1954 1884 et

545 1933 698 2030 imperii,
721 1943 852 2006 tantum
872 1935 1033 2008 debonis
1058 1938 1181 2010 nostris
1211 1947 1245 2010 et
1273 1937 1409 2033 imperii
1434 1936 1496 2008 tibi
1521 1935 1773 2028 assignabimus
1795 1932 1893 2028 quod
1917 1944 1953 2006 tu

546 2057 660 2154 ipsum
679 2069 827 2132 castrum
848 2061 882 2130 in
906 2061 1103 2135 landscrou
1128 2062 1230 2134 simul
1249 2084 1329 2134 cum
1348 2061 1474 2156 palatio
1493 2059 1540 2134 ad
1561 2061 1726 2133 honorem
1743 2068 1898 2132 nostrum
1921 2067 1955 2132 et

547 2181 684 2278 imperii
703 2183 830 2278 poteris
848 2205 1063 2258 conservare.
1078 2185 1135 2258 ild
1152 2187 1217 2260 hec
1236 2195 1394 2282 parentes
1409 2195 1444 2258 et
1461 2185 1589 2260 amicos
1606 2193 1684 2257 tuos
1696 2184 1758 2278 qui
1772 2193 1853 2255 sunt
1874 2205 1953 2256 cas-

547 2308 662 2380 tellani
682 2307 811 2404 inipso
831 2320 942 2382 castro
966 2311 1180 2402 landscron,
1197 2333 1285 2406 quos
1303 2311 1351 2384 ibi
1370 2310 1497 2382 locavit
1510 2309 1658 2383 dilectus
1673 2315 1818 2404 patruus
1842 2317 1954 2380 noster

547 2443 755 2507 memoratus
769 2433 818 2529 (a)
831 2457 895 2506 rex
910 2435 1109 2530 Philippus,
1131 2435 1179 2506 ibi
1199 2435 1355 2508 babitare
1372 2435 1535 2508 volumus
1548 2433 1614 2504 sub
1627 2434 1721 2504 omni
1740 2432 1909 2504 cohonore
1921 2441 1954 2503 et

546 2559 640 2630 omui
660 2557 776 2650 modo,
795 2558 986 2632 secundum
1003 2559 1099 2654 quod
1124 2560 1198 2656 ipse
1224 2560 1366 2632 illustris
1388 2581 1452 2630 rex
1474 2559 1653 2654 Philippus
1669 2557 1868 2630 carissimus
1890 2577 1954 2651 pa·

547 2695 646 2757 truus
662 2693 776 2758 noster
792 2705 851 2756 eos
865 2683 912 2756 ibi
926 2683 1066 2757 locavit.
1081 2685 1248 2758 Volumus
1261 2685 1365 2758 etiam
1382 2694 1422 2756 ut
1439 2684 1497 2756 illa
1514 2683 1606 2756 bona
1621 2683 1658 2754 in
1671 2682 1875 2756 Wasthumn
1888 2701 1954 2776 qne

548 2806 846 2898 tibi,Gerechuiuo
861 2809 906 2882 de
917 2809 1088 2896 Zinsiche‚
1107 2809 1268 2882 dominus
1282 2809 1360 2882 Otto
1376 2807 1551 2902 quondam
1563 2807 1679 2880 dictus
1694 2807 1878 2902 imperator
1897 2825 1955 2900 pro

547 2931 764 3006 edificatione
788 2934 911 3030 prelati
928 2934 1029 3006 castri
1050 2933 1268 3008 Landscrone
1293 2932 1356 3004 tibi
1386 2933 1524 3004 nomine
1545 2931 1700 3028 pignoris
1722 2939 1954 3026 exposuerunt

547 3079 626 3130 cum
646 3057 702 3130 illa
717 3057 805 3149 (sic),
822 3056 963 3154 pacifice
977 3057 1106 3130 habeas
1120 3067 1154 3130 et
1167 3057 1283 3154 quiete
1301 3055 1498 3153 possideas,
1518 3054 1627 3129 donec
1643 3056 1753 3150 ipsam
1772 3054 1952 3150 pecuniam

547 3183 695 3257 totaliter
718 3183 780 3255 tibi
805 3183 1057 3278 persolvamus.
1075 3183 1217 3278 lneuper
1234 3181 1386 3255 officium
1405 3183 1441 3254 in
1465 3179 1622 3254 Sinziebe
1645 3201 1725 3252 euru
1753 3179 1849 3252 omni
1873 3177 1953 3250 vine

547 3319 581 3384 et
595 3307 773 3382 codicibus
789 3307 863 3380 suis
882 3305 943 3380 tibi
962 3307 1220 3398 committimus,
1241 3308 1287 3380 ita
1302 3315 1341 3380 ut
1354 3316 1390 3379 tu
1408 3307 1508 3380 nobis
1525 3305 1608 3378 inde
1625 3307 1739 3378 solvas
1755 3301 1907 3376 debitam
1921 3309 1953 3374 et

546 3457 698 3510 annuam
718 3433 931 3530 pensionem.
946 3433 990 3506 Ut
1002 3441 1117 3506 autem
1134 3432 1199 3506 hec
1211 3433 1326 3506 omnia
1344 3455 1366 3504 a
1384 3431 1485 3504 nobis
1498 3429 1560 3502 tibi
1575 3428 1721 3504 fideliter
1738 3437 1772 3500 et
1788 3427 1953 3500 veraciter

546 3557 784 3650 observentur,
806 3557 896 3632 banc
916 3555 1068 3630 chartam
1087 3557 1150 3628 tibi
1168 3555 1337 3630 conscribi
1359 3555 1527 3648 jussimus
1544 3564 1579 3628 et
1594 3552 1708 3646 sigillo
1723 3560 1840 3625 nostru
1862 3571 1949 3624 com·

547 3681 687 3756 muniri.

596 3807 719 3878 Datum
735 3805 770 3875 in
788 3804 907 3878 castris
923 3805 989 3877 sub
1004 3813 1114 3878 castro
1130 3803 1325 3878 landscron
1341 3803 1406 3900 (l),
1422 3803 1514 3876 Xllll
1530 3799 1695 3876 kalendas
1712 3799 1878 3890 octobris,
1897 3797 1949 3868 in-

548 3929 698 4006 dictione
712 3929 769 4000 lll.

589 4077 632 4161 (a)
650 4079 740 4158 Apud
756 4079 846 4140 Tress
865 4077 997 4154 madar,
1013 4076 1100 4140 mele.

583 4323 619 4396 (tl
637 4319 760 4378 (lustrum
770 4317 944 4376 tortissimum
957 4333 973 4374 a
986 4316 1108 4391 Philippo
1120 4333 1183 4389 rege
1194 4331 1265 4374 anno
1274 4319 1342 4374 1206
1348 4315 1425 4390 juxta
1433 4315 1623 4390 llegiomagnm
1631 4311 1784 4386 (liemagen)
1794 4315 1947 4375 carnutum,

548 4427 579 4478 ut
591 4424 683 4477 monet
697 4415 856 4474 Godelridus
867 4413 1042 4472 coloniensis.
1052 4413 1153 4470 ltuinae
1167 4411 1254 4470 adbuc
1267 4419 1359 4470 exunt
1371 4413 1398 4470 in
1412 4419 1503 4472 monte
1515 4428 1601 4487 prope
1609 4411 1697 4469 locum
1706 4409 1752 4466 ubi
1764 4407 1853 4466 amnis
1865 4408 1914 4463 dur
1924 4403 1948 4460 in

547 4517 670 4576 menum
679 4513 774 4570 inlluit.
784 4513 824 4570 lle
835 4517 956 4584 tempore
967 4527 1021 4584 quo
1034 4509 1184 4567 Frtderictu
1194 4509 1347 4568 Lundscron
1362 4509 1574 4584 recuperaverit,
1586 4507 1730 4583 qurumdnm
1744 4504 1876 4562 habemus
1885 4500 1949 4560 neti·

547 4615 612 4672 tium
625 4613 697 4687 apud
710 4610 850 4668 Albertum
863 4608 1019 4667 stadensem
1029 4607 1077 4681 qui
1090 4607 1142 4664 sub
1154 4607 1230 4666 initio
1243 4608 1307 4665 anni
1321 4609 1391 4666 tato
1403 4607 1521 4666 breviter
1532 4621 1590 4664 rem
1603 4607 1640 4664 ita
1650 4607 1780 4663 memoro
1791 4619 1798 4658 :
1809 4599 1889 4659 allex
1900 4595 1949 4656 lln'·

545 4709 763 4771 dericusTrlvels
774 4713 803 4766 et
816 4707 999 4766 Lmdescrone
1010 4706 1112 4779 cepit.»
1122 4705 1163 4764 Gt.
1177 4705 1305 4765 camo.
1314 4707 1452 4782 Sempro.
1462 4705 1582 4780 Μαι,
1594 4704 1628 4763 ed
1638 4719 1701 4762 aun.
1715 4701 1795 4760 tart.
