4378 5954
237 563 336 626 lanam.
351 561 396 644 8.]
687 557 886 621 alsuonln
910 555 1204 618 nlnnolasutcn.
1596 556 1651 618 lll

238 698 395 792 predicto
418 694 582 790 hospitali
609 695 654 768 de
678 695 801 768 Barolo
825 702 1040 768 concesserat
1062 694 1099 766 in
1121 693 1309 766 tenimento
1331 690 1523 764 Cannarum
1547 713 1656 788 prope

238 822 401 893 Barolum
426 829 534 892 ternas
571 819 795 892 laboratorias
820 819 878 894 ad·
895 819 1016 892 decem
1044 825 1167 912 paruta
1188 814 1244 912 (l)
1270 824 1305 890 et
1327 815 1507 888 ecclesiam
1541 817 1657 890 Sancti

238 943 393 1016 Nicbolai
412 943 458 1018 ds
474 943 573 1016 lliula
592 941 642 1040 (a)
662 965 743 1016 cum
760 943 925 1017 omnibus
947 941 1123 1033 domibus,
1147 941 1441 1037 possessionibus,
1463 940 1659 1013 tenimentis

238 1077 272 1140 et
296 1067 519 1164 pertinenciis
542 1089 682 1160 eorum,
703 1089 784 1140 cnm
809 1067 903 1140 omni
922 1069 1001 1160 juro
1018 1075 1052 1138 et
1069 1066 1225 1138 libertate
1246 1075 1281 1138 et
1301 1087 1381 1138 oum
1402 1065 1565 1138 omnibus
1581 1066 1657 1138 ani·

240 1191 388 1264 malibus
413 1201 449 1263 ct
476 1191 555 1264 aliis
583 1193 689 1264 rebus
716 1191 917 1264 mobilibus.
944 1191 1046 1276 Quod
1074 1191 1294 1286 privilegium
1323 1211 1404 1262 curn
1432 1191 1594 1262 omnibns
1619 1191 1655 1264 in

239 1315 363 1388 eodem
384 1313 567 1388 declaratis
593 1315 640 1388 ad
663 1325 814 1389 vestram
832 1315 993 1388 devotam
1014 1314 1299 1410 supplicationem
1319 1311 1418 1387 firmo
1436 1327 1471 1387 et
1491 1325 1657 1410 perpetuo

241 1447 357 1511 nostre
382 1439 571 1530 majestatis
593 1438 709 1512 edicto
735 1439 959 1514 concedimus
981 1449 1015 1512 et
1037 1439 1238 1512 sanctimus.
1258 1437 1420 1512 Volentcs
1447 1437 1553 1532 igitur
1577 1458 1656 1534 pre-

241 1561 368 1634 dictam
389 1564 624 1636 venerabilem
647 1565 827 1636 ecclesiam
850 1563 966 1635 Sancti
990 1562 1120 1634 Thome
1141 1571 1175 1636 et
1196 1561 1392 1656 predictum
1415 1561 1585 1658 hospitale
1603 1585 1656 1636 re-

240 1685 378 1778 galibus
392 1688 596 1760 muneribus
609 1689 794 1784 ampliare,
815 1687 861 1761 de
876 1687 951 1760 solii
973 1687 1081 1760 nostri
1096 1687 1271 1760 cumulata
1288 1686 1482 1775 clementia,
1501 1707 1564 1782 pro
1581 1710 1658 1784 pre·

240 1808 460 1884 decessorum
485 1821 680 1887 nostrornm
709 1814 903 1887 animarum
931 1815 1041 1886 salute
1063 1821 1097 1884 et
1122 1833 1186 1908 pro
1211 1833 1337 1886 corone
1363 1819 1478 1883 nostre
1504 1811 1613 1884 titulis
1635 1835 1657 1886 a

239 1955 322 2028 rege
344 1957 467 2028 regum
490 1937 635 2011 feliciter
655 1937 867 2029 exaltandis,
889 1937 960 2010 duo
979 1933 1162 2032 privilegia
1183 1931 1297 2008 eidem
1317 1933 1477 2030 hospitali
1501 1944 1657 2008 anostra

239 2058 421 2132 serenitate
438 2059 586 2152 indulta,
605 2083 716 2133 unum
730 2061 893 2135 videlicet
910 2061 955 2134 de
973 2059 1087 2132 vineis
1102 2067 1225 2133 storto
1243 2079 1406 2132 concesso
1422 2079 1528 2153 quem
1544 2058 1654 2131 tenuit

240 2179 276 2252 in
292 2181 422 2277 padule
440 2193 555 2257 nostra
573 2185 686 2258 Baroli
709 2207 789 2258 cnm
806 2185 919 2258 vineis
937 2183 1023 2257 dum
1040 2184 1174 2256 viveret
1193 2185 1410 2256 Berteramus
1428 2182 1600 2276 medicus,
1619 2192 1654 2257 et

240 2303 337 2376 alind
359 2303 405 2376 de
426 2305 528 2378 furno
550 2327 713 2380 concesso
731 2308 834 2400 juxta
857 2307 999 2380 domum
1025 2305 1184 2379 Riccardi
1202 2305 1366 2378 Bricconc
1384 2317 1551 2402 perpetus
1571 2328 1653 2380 con·

239 2424 435 2521 firmamus,
455 2439 490 2502 st
508 2439 622 2524 preter
641 2432 757 2504 omnia
775 2429 973 2526 supradicta
992 2431 1117 2505 damus
1134 2439 1169 2503 et
1191 2429 1434 2504 confirmamus
1459 2430 1573 2504 eidem
1595 2453 1653 2506 cc·

240 2552 343 2625 clesie
360 2563 396 2626 et
420 2553 574 2649 predicto
595 2554 756 2652 hospitali
778 2565 903 2626 terram
925 2551 1076 2628 demanii
1102 2553 1299 2649 nostrique
1321 2563 1374 2626 cst
1400 2553 1489 2626 ultra
1513 2563 1652 2650 pontem

240 2673 370 2766 Aufidi,
392 2679 493 2770 cnjus
510 2678 589 2752 linis
606 2688 659 2752 est
679 2688 769 2752 terra
784 2680 908 2752 Sancte
925 2679 1030 2752 llarie
1054 2678 1100 2752 de
1120 2679 1217 2750 Mari.
1237 2679 1281 2750 Ut
1302 2685 1419 2750 autem
1437 2699 1599 2751 concessa
1618 2688 1653 2751 et

241 2798 333 2874 dona
349 2810 465 2877 nostra
487 2803 580 2876 omni
601 2814 741 2878 careant
758 2805 897 2878 stimulo
913 2814 948 2876 et
964 2804 1034 2876 sint
1047 2825 1095 2876 cx
1110 2802 1204 2875 omni
1223 2811 1320 2896 parte
1339 2803 1505 2898 perlecta,
1524 2815 1594 2876 tam
1610 2825 1652 2876 ea

240 2945 310 3018 que
330 2947 392 3020 per
406 2927 474 3000 alia
490 2927 672 3022 privilegia
692 2936 774 3001 sunt
790 2948 953 3001 concessa
971 2949 1075 3022 quam
1093 2947 1156 3021 per
1171 2947 1312 3020 presens
1329 2925 1550 3022 privilegium
1569 2949 1653 3000 oon·

240 3045 393 3142 buram,
412 3059 483 3123 tam
501 3050 606 3124 bodie
627 3052 794 3146 acquisita
815 3073 921 3146 quam
939 3051 1034 3124 omni
1057 3053 1173 3124 lutuno
1190 3059 1343 3146 tempore
1362 3050 1591 3150 acquirenda,
1615 3051 1653 3124 in

239 3173 327 3244 mari
343 3182 379 3244 et
400 3173 436 3245 in
453 3183 562 3268 terra,
585 3173 732 3248 emendo
754 3184 788 3248 et
808 3174 1012 3267 vendendo,
1032 3174 1195 3248 donando
1211 3183 1246 3247 et
1264 3174 1463 3270 recipiendo
1482 3185 1519 3247 et
1536 3175 1572 3248 in
1588 3176 1653 3248 Ba·

240 3296 313 3370 rolo
329 3305 364 3368 et
380 3299 566 3372 tenimento
581 3301 658 3392 ejus
668 3309 704 3373 et
718 3299 807 3373 inlra
821 3300 1002 3372 universos
1017 3297 1104 3372 lines
1120 3299 1219 3390 regni
1232 3298 1351 3390 nostri,
1368 3298 1406 3370 in
1421 3299 1603 3372 stabilibus
1619 3309 1654 3373 el

241 3420 447 3513 mobilibus,
463 3426 536 3516 jam
561 3423 689 3496 dictam
705 3423 886 3498 ecelesiam
909 3423 1024 3496 Sancti
1046 3422 1176 3496 Tbome
1192 3422 1238 3496 de
1256 3423 1379 3495 Barolo
1403 3433 1438 3496 et
1461 3423 1655 3520 predictum

240 3543 409 3640 hospitale
426 3557 606 3643 perpetua,
629 3547 732 3642 plena
748 3555 784 3620 et
802 3545 993 3618 inviolabili
1013 3545 1169 3618 libertate
1187 3546 1384 3638 munimus;
1401 3547 1523 3621 domos
1539 3559 1573 3622 et
1590 3558 1657 3622 ter·

240 3689 310 3760 ras,
329 3669 467 3762 vineas,
492 3681 605 3763 ortos,
628 3671 769 3743 lurnum
786 3679 821 3742 et
843 3669 929 3742 alias
949 3690 1070 3742 omnes
1094 3647 1327 3765 possessiones
1347 3670 1535 3766 acquisitas
1549 3680 1584 3745 et
1599 3693 1657 3744 ac·

240 3792 430 3886 quirendas
451 3795 497 3868 ab
511 3795 605 3868 omni
625 3795 770 3886 tributo,
790 3795 931 3869 datione
949 3803 984 3867 et
1006 3794 1231 3888 requisitione
1243 3795 1383 3892 penitus
1403 3795 1602 3869 liberamus.
1621 3797 1657 3869 Si

240 3935 324 3988 vero
346 3915 392 3989 de
417 3917 579 3990 iratribus
600 3917 758 4012 ejusdem
779 3917 924 3991 ecclesie
945 3927 981 3990 et
998 3917 1176 4014 hospitalis
1199 3920 1256 3992 vel
1278 3919 1322 3992 de
1342 3919 1576 3994 servientibus
1593 3943 1657 3994 ex·

243 4037 370 4112 traneis
395 4039 440 4114 de
458 4043 575 4136 aliquo
595 4041 835 4130 conveniatur,
861 4063 932 4115 non
950 4051 1093 4135 cogatur
1108 4041 1176 4114 nisi
1198 4042 1235 4114 in
1253 4043 1328 4116 loro
1342 4043 1498 4135 ejusdem
1516 4045 1658 4117 ecclesie

239 4162 466 4256 respondere,
491 4187 537 4238 ne
555 4167 642 4239 torte
666 4166 770 4238 lucn't
791 4165 837 4240 de
859 4167 1098 4240 criminalibus
1116 4167 1328 4263 appellatus,
1353 4168 1548 4262 dequibus
1570 4190 1657 4240 oon-

240 4285 354 4360 iessus
367 4289 425 4362 vsl
440 4291 684 4387 comprobatus
695 4289 741 4364 de
753 4311 843 4387 pena
856 4291 1007 4386 corporis
1018 4291 1076 4366 vel
1089 4291 1322 4366 membrorum
1335 4290 1580 4388 condempnari
1592 4292 1652 4389 (b).

175 4483 178 4488 ·
281 4461 324 4544 (a)
347 4465 384 4527 ln
396 4469 552 4549 privilegio
566 4477 666 4532 autem
680 4472 751 4532 annl
768 4473 1067 4550 121⁵,mense1ullo,
1082 4471 1191 4551 legitur
1203 4467 1238 4531 dc
1250 4466 1376 4552 Baculo

281 4569 317 4648 (b)
337 4571 433 4634 Locus
453 4577 510 4637 trtc
523 4593 584 4637 non
597 4575 820 4656 lactlelntslllgl
832 4581 959 4658 potam,
972 4579 1029 4641 nlsi
1049 4595 1103 4658 pro
1115 4595 1153 4639 aa
1165 4575 1247 4659 sorta
1266 4574 1538 4659 legatnrnr'n'sorte
1550 4583 1660 4658 etpost

240 4673 449 4758 mndcmpaort
460 4681 591 4745 addatur
603 4699 663 4745 vox
677 4679 777 4746 etant
789 4689 843 4746 aut
856 4685 971 4746 slmills.
