<?xml version="1.0" encoding="UTF-8"?>
<!DOCTYPE html PUBLIC "-//W3C//DTD XHTML 1.0 Transitional//EN"
    "http://www.w3.org/TR/xhtml1/DTD/xhtml1-transitional.dtd">
<html xmlns="http://www.w3.org/1999/xhtml" xml:lang="en" lang="en">
 <head>
  <title>
</title>
<meta http-equiv="Content-Type" content="text/html;charset=utf-8" />
  <meta name='ocr-system' content='tesseract 3.04.00' />
  <meta name='ocr-capabilities' content='ocr_page ocr_carea ocr_par ocr_line ocrx_word'/>
</head>
<body>
  <div class='ocr_page' id='page_1' title='image "./historiadiploma06fredgoog_0188.png"; bbox 0 0 4378 5954; ppageno 0'>
   <div class='ocr_carea' id='block_1_1' title="bbox 247 527 1660 608">
    <p class='ocr_par' dir='ltr' id='par_1_1' title="bbox 247 527 1660 608">
     <span class='ocr_line' id='line_1_1' title="bbox 247 527 1660 608; baseline 0.001 -18"><span class='ocrx_word' id='word_1_1' title='bbox 247 531 343 591; x_wconf 70' lang='lat' dir='ltr'>inultm</span> <span class='ocrx_word' id='word_1_2' title='bbox 364 527 425 608; x_wconf 69' lang='lat' dir='ltr'>lt]</span> <span class='ocrx_word' id='word_1_3' title='bbox 699 527 896 590; x_wconf 74' lang='lat' dir='ltr'>lllstoltlll</span> <span class='ocrx_word' id='word_1_4' title='bbox 921 528 1213 590; x_wconf 74' lang='lat' dir='ltr'>olrnottlrtctl.</span> <span class='ocrx_word' id='word_1_5' title='bbox 1602 527 1660 592; x_wconf 83' lang='lat'>169</span> 
     </span>
    </p>
   </div>
   <div class='ocr_carea' id='block_1_2' title="bbox 244 663 1704 1614">
    <p class='ocr_par' dir='ltr' id='par_1_2' title="bbox 247 663 1704 1113">
     <span class='ocr_line' id='line_1_2' title="bbox 248 663 1659 758; baseline 0 -20"><span class='ocrx_word' id='word_1_6' title='bbox 248 665 403 739; x_wconf 85' lang='lat' dir='ltr'>molestia</span> <span class='ocrx_word' id='word_1_7' title='bbox 419 665 578 758; x_wconf 74' lang='lat' dir='ltr'>alicuius.</span> <span class='ocrx_word' id='word_1_8' title='bbox 599 664 654 737; x_wconf 81' lang='lat' dir='ltr'>Ad</span> <span class='ocrx_word' id='word_1_9' title='bbox 673 664 778 758; x_wconf 85' lang='lat' dir='ltr'>hujus</span> <span class='ocrx_word' id='word_1_10' title='bbox 800 675 915 738; x_wconf 87' lang='lat' dir='ltr'>antem</span> <span class='ocrx_word' id='word_1_11' title='bbox 941 675 1056 739; x_wconf 83' lang='lat' dir='ltr'>nostre</span> <span class='ocrx_word' id='word_1_12' title='bbox 1079 665 1308 738; x_wconf 75' lang='lat' dir='ltr'>ronoessionis</span> <span class='ocrx_word' id='word_1_13' title='bbox 1331 673 1366 738; x_wconf 89' lang='lat' dir='ltr'>et</span> <span class='ocrx_word' id='word_1_14' title='bbox 1391 663 1659 738; x_wconf 86' lang='lat' dir='ltr'>confirmationis</span> 
     </span>
     <span class='ocr_line' id='line_1_3' title="bbox 248 790 1659 887; baseline -0.001 -25"><span class='ocrx_word' id='word_1_15' title='bbox 248 790 448 864; x_wconf 85' lang='lat' dir='ltr'>memoriam</span> <span class='ocrx_word' id='word_1_16' title='bbox 465 799 500 864; x_wconf 88' lang='lat' dir='ltr'>at</span> <span class='ocrx_word' id='word_1_17' title='bbox 516 791 622 864; x_wconf 88' lang='lat' dir='ltr'>robur</span> <span class='ocrx_word' id='word_1_18' title='bbox 638 799 804 886; x_wconf 89' lang='lat' dir='ltr'>perpetuo</span> <span class='ocrx_word' id='word_1_19' title='bbox 823 791 1028 883; x_wconf 84' lang='lat' dir='ltr'>valiturum,</span> <span class='ocrx_word' id='word_1_20' title='bbox 1046 812 1187 887; x_wconf 78' lang='lat' dir='ltr'>presens</span> <span class='ocrx_word' id='word_1_21' title='bbox 1204 790 1424 885; x_wconf 81' lang='lat' dir='ltr'>privilegium</span> <span class='ocrx_word' id='word_1_22' title='bbox 1450 811 1511 884; x_wconf 94' lang='lat' dir='ltr'>per</span> <span class='ocrx_word' id='word_1_23' title='bbox 1534 811 1659 862; x_wconf 88' lang='lat' dir='ltr'>manos</span> 
     </span>
     <span class='ocr_line' id='line_1_4' title="bbox 247 913 1704 1008; baseline -0.001 -22"><span class='ocrx_word' id='word_1_24' title='bbox 247 914 335 988; x_wconf 82' lang='lat' dir='ltr'>lsaic</span> <span class='ocrx_word' id='word_1_25' title='bbox 356 916 479 988; x_wconf 83' lang='lat' dir='ltr'>notarii</span> <span class='ocrx_word' id='word_1_26' title='bbox 500 926 536 990; x_wconf 89' lang='lat' dir='ltr'>et</span> <span class='ocrx_word' id='word_1_27' title='bbox 559 915 673 988; x_wconf 85' lang='lat' dir='ltr'>fidelis</span> <span class='ocrx_word' id='word_1_28' title='bbox 695 915 803 989; x_wconf 82' lang='lat' dir='ltr'><strong>nostri</strong></span> <span class='ocrx_word' id='word_1_29' title='bbox 823 917 927 988; x_wconf 77' lang='lat' dir='ltr'><strong>scribi</strong></span> <span class='ocrx_word' id='word_1_30' title='bbox 952 926 988 990; x_wconf 88' lang='lat' dir='ltr'>st</span> <span class='ocrx_word' id='word_1_31' title='bbox 1009 925 1123 989; x_wconf 85' lang='lat' dir='ltr'>nostre</span> <span class='ocrx_word' id='word_1_32' title='bbox 1148 913 1473 1008; x_wconf 74' lang='lat' dir='ltr'>majestatis-sigillo</span> <span class='ocrx_word' id='word_1_33' title='bbox 1491 913 1659 1005; x_wconf 84' lang='lat' dir='ltr'>jussimus</span> <span class='ocrx_word' id='word_1_34' title='bbox 1700 991 1704 1000; x_wconf 59' lang='grc'>,</span> 
     </span>
     <span class='ocr_line' id='line_1_5' title="bbox 247 1041 466 1113; baseline 0.005 -1"><span class='ocrx_word' id='word_1_35' title='bbox 247 1041 466 1113; x_wconf 86' lang='lat' dir='ltr'>communiri.</span> 
     </span>
    </p>

    <p class='ocr_par' dir='ltr' id='par_1_3' title="bbox 244 1164 1659 1614">
     <span class='ocr_line' id='line_1_6' title="bbox 295 1164 1659 1258; baseline 0.001 -22"><span class='ocrx_word' id='word_1_36' title='bbox 295 1167 422 1238; x_wconf 90' lang='lat' dir='ltr'>Datum</span> <span class='ocrx_word' id='word_1_37' title='bbox 439 1165 629 1238; x_wconf 82' lang='lat' dir='ltr'>incivitate</span> <span class='ocrx_word' id='word_1_38' title='bbox 646 1167 816 1258; x_wconf 79' lang='lat' dir='ltr'>Messene,</span> <span class='ocrx_word' id='word_1_39' title='bbox 833 1185 925 1238; x_wconf 88' lang='lat' dir='ltr'>auno</span> <span class='ocrx_word' id='word_1_40' title='bbox 943 1164 1116 1238; x_wconf 88' lang='lat' dir='ltr'>dominice</span> <span class='ocrx_word' id='word_1_41' title='bbox 1133 1164 1377 1236; x_wconf 88' lang='lat' dir='ltr'>incarnationis</span> <span class='ocrx_word' id='word_1_42' title='bbox 1393 1165 1524 1255; x_wconf 82' lang='lat' dir='ltr'>MCCX,</span> <span class='ocrx_word' id='word_1_43' title='bbox 1540 1187 1659 1238; x_wconf 89' lang='lat' dir='ltr'>mense</span> 
     </span>
     <span class='ocr_line' id='line_1_7' title="bbox 244 1287 1659 1385; baseline -0.001 -23"><span class='ocrx_word' id='word_1_44' title='bbox 244 1289 349 1383; x_wconf 82' lang='lat' dir='ltr'>junii,</span> <span class='ocrx_word' id='word_1_45' title='bbox 370 1290 449 1362; x_wconf 89' lang='lat' dir='ltr'>Xlll</span> <span class='ocrx_word' id='word_1_46' title='bbox 466 1289 682 1380; x_wconf 76' lang='lat' dir='ltr'>indictionis,</span> <span class='ocrx_word' id='word_1_47' title='bbox 702 1291 802 1385; x_wconf 78' lang='lat' dir='ltr'>regui</span> <span class='ocrx_word' id='word_1_48' title='bbox 826 1311 910 1362; x_wconf 88' lang='lat' dir='ltr'>vero</span> <span class='ocrx_word' id='word_1_49' title='bbox 932 1287 1063 1362; x_wconf 91' lang='lat' dir='ltr'>domini</span> <span class='ocrx_word' id='word_1_50' title='bbox 1084 1287 1274 1379; x_wconf 86' lang='lat' dir='ltr'>Frederici,</span> <span class='ocrx_word' id='word_1_51' title='bbox 1295 1287 1356 1361; x_wconf 89' lang='lat' dir='ltr'>Dei</span> <span class='ocrx_word' id='word_1_52' title='bbox 1375 1291 1484 1382; x_wconf 75' lang='lat' dir='ltr'>gratia</span> <span class='ocrx_word' id='word_1_53' title='bbox 1502 1289 1659 1362; x_wconf 90' lang='lat' dir='ltr'>illustris·</span> 
     </span>
     <span class='ocr_line' id='line_1_8' title="bbox 248 1413 1659 1510; baseline -0.001 -23"><span class='ocrx_word' id='word_1_54' title='bbox 248 1413 326 1487; x_wconf 84' lang='lat' dir='ltr'>sirm</span> <span class='ocrx_word' id='word_1_55' title='bbox 343 1415 437 1510; x_wconf 74' lang='lat' dir='ltr'>regis</span> <span class='ocrx_word' id='word_1_56' title='bbox 457 1413 589 1506; x_wconf 80' lang='lat' dir='ltr'>Sicilie,</span> <span class='ocrx_word' id='word_1_57' title='bbox 610 1414 758 1488; x_wconf 86' lang='lat' dir='ltr'>ducatus</span> <span class='ocrx_word' id='word_1_58' title='bbox 778 1415 906 1510; x_wconf 84' lang='lat' dir='ltr'>Apulis</span> <span class='ocrx_word' id='word_1_59' title='bbox 925 1424 962 1488; x_wconf 93' lang='lat' dir='ltr'>et</span> <span class='ocrx_word' id='word_1_60' title='bbox 985 1413 1197 1509; x_wconf 81' lang='lat' dir='ltr'>principatus</span> <span class='ocrx_word' id='word_1_61' title='bbox 1216 1413 1333 1507; x_wconf 89' lang='lat' dir='ltr'>Capue</span> <span class='ocrx_word' id='word_1_62' title='bbox 1352 1435 1444 1486; x_wconf 90' lang='lat' dir='ltr'>auno</span> <span class='ocrx_word' id='word_1_63' title='bbox 1468 1415 1562 1505; x_wconf 88' lang='lat' dir='ltr'>Xlll,</span> <span class='ocrx_word' id='word_1_64' title='bbox 1584 1415 1659 1487; x_wconf 89' lang='lat' dir='ltr'>leli·</span> 
     </span>
     <span class='ocr_line' id='line_1_9' title="bbox 248 1539 484 1614; baseline -0.004 -3"><span class='ocrx_word' id='word_1_65' title='bbox 248 1539 343 1614; x_wconf 91' lang='lat' dir='ltr'>citer.</span> <span class='ocrx_word' id='word_1_66' title='bbox 360 1539 484 1614; x_wconf 86' lang='lat' dir='ltr'>Arnen.</span> 
     </span>
    </p>
   </div>
   <div class='ocr_carea' id='block_1_3' title="bbox 481 1735 1428 1749">
    <p class='ocr_par' dir='ltr' id='par_1_4' title="bbox 481 1735 1428 1749">
     <span class='ocr_line' id='line_1_10' title="bbox 481 1735 1428 1749; baseline -0.007 0"><span class='ocrx_word' id='word_1_67' title='bbox 481 1735 1327 1749; x_wconf 57' lang='lat' dir='ltr'>W——n--—.-—n-—m</span> <span class='ocrx_word' id='word_1_68' title='bbox 1331 1736 1382 1744; x_wconf 77' lang='lat'>.·.—</span> <span class='ocrx_word' id='word_1_69' title='bbox 1391 1735 1416 1744; x_wconf 77' lang='grc'>..-</span> <span class='ocrx_word' id='word_1_70' title='bbox 1420 1736 1428 1742; x_wconf 89' lang='grc'>.</span> 
     </span>
    </p>
   </div>
   <div class='ocr_carea' id='block_1_4' title="bbox 247 1985 1664 2476">
    <p class='ocr_par' dir='ltr' id='par_1_5' title="bbox 247 1985 1664 2476">
     <span class='ocr_line' id='line_1_11' title="bbox 300 1985 1662 2100; baseline -0.001 -28"><span class='ocrx_word' id='word_1_71' title='bbox 300 1990 542 2074; x_wconf 81' lang='lat' dir='ltr'>Innocentius</span> <span class='ocrx_word' id='word_1_72' title='bbox 568 2015 667 2100; x_wconf 90' lang='lat' dir='ltr'>papa</span> <span class='ocrx_word' id='word_1_73' title='bbox 695 1988 745 2071; x_wconf 90' lang='lat' dir='ltr'>ad</span> <span class='ocrx_word' id='word_1_74' title='bbox 766 2012 895 2096; x_wconf 86' lang='lat' dir='ltr'>preces</span> <span class='ocrx_word' id='word_1_75' title='bbox 914 1985 1155 2069; x_wconf 76' lang='lat' dir='ltr'>Constantine</span> <span class='ocrx_word' id='word_1_76' title='bbox 1172 1986 1327 2096; x_wconf 85' lang='lat' dir='ltr'>reginae</span> <span class='ocrx_word' id='word_1_77' title='bbox 1344 1985 1492 2070; x_wconf 84' lang='lat' dir='ltr'>Siciliae</span> <span class='ocrx_word' id='word_1_78' title='bbox 1509 1989 1542 2070; x_wconf 92' lang='lat' dir='ltr'>ei</span> <span class='ocrx_word' id='word_1_79' title='bbox 1561 2016 1662 2072; x_wconf 90' lang='lat' dir='ltr'>ocn-</span> 
     </span>
     <span class='ocr_line' id='line_1_12' title="bbox 247 2117 1663 2234; baseline 0 -28"><span class='ocrx_word' id='word_1_80' title='bbox 247 2124 376 2208; x_wconf 88' lang='lat' dir='ltr'>firmat</span> <span class='ocrx_word' id='word_1_81' title='bbox 389 2124 578 2234; x_wconf 89' lang='lat' dir='ltr'>quidquid</span> <span class='ocrx_word' id='word_1_82' title='bbox 601 2121 814 2206; x_wconf 86' lang='lat' dir='ltr'>Fridericus</span> <span class='ocrx_word' id='word_1_83' title='bbox 840 2121 899 2203; x_wconf 90' lang='lat' dir='ltr'>vir</span> <span class='ocrx_word' id='word_1_84' title='bbox 925 2117 1007 2229; x_wconf 87' lang='lat' dir='ltr'>ejus</span> <span class='ocrx_word' id='word_1_85' title='bbox 1034 2120 1074 2200; x_wconf 94' lang='lat' dir='ltr'>in</span> <span class='ocrx_word' id='word_1_86' title='bbox 1097 2119 1299 2202; x_wconf 87' lang='lat' dir='ltr'>dodarium</span> <span class='ocrx_word' id='word_1_87' title='bbox 1326 2133 1394 2202; x_wconf 86' lang='lat' dir='ltr'>&#39;seu</span> <span class='ocrx_word' id='word_1_88' title='bbox 1420 2121 1663 2206; x_wconf 81' lang='lat' dir='ltr'>donationem</span> 
     </span>
     <span class='ocr_line' id='line_1_13' title="bbox 247 2251 1664 2367; baseline -0.002 -27"><span class='ocrx_word' id='word_1_89' title='bbox 247 2269 402 2366; x_wconf 86' lang='lat' dir='ltr'>propter</span> <span class='ocrx_word' id='word_1_90' title='bbox 419 2257 572 2367; x_wconf 81' lang='lat' dir='ltr'>nuptias</span> <span class='ocrx_word' id='word_1_91' title='bbox 589 2266 670 2340; x_wconf 87' lang='lat' dir='ltr'>tum</span> <span class='ocrx_word' id='word_1_92' title='bbox 687 2256 727 2338; x_wconf 94' lang='lat' dir='ltr'>in</span> <span class='ocrx_word' id='word_1_93' title='bbox 746 2253 873 2338; x_wconf 84' lang='lat' dir='ltr'>Sicilia</span> <span class='ocrx_word' id='word_1_94' title='bbox 895 2279 1013 2362; x_wconf 92' lang='lat' dir='ltr'>quam</span> <span class='ocrx_word' id='word_1_95' title='bbox 1036 2253 1075 2334; x_wconf 94' lang='lat' dir='ltr'>in</span> <span class='ocrx_word' id='word_1_96' title='bbox 1100 2251 1239 2362; x_wconf 81' lang='lat' dir='ltr'>Apulia</span> <span class='ocrx_word' id='word_1_97' title='bbox 1265 2254 1299 2335; x_wconf 92' lang='lat' dir='ltr'>ei</span> <span class='ocrx_word' id='word_1_98' title='bbox 1329 2281 1397 2362; x_wconf 90' lang='lat' dir='ltr'>per</span> <span class='ocrx_word' id='word_1_99' title='bbox 1424 2255 1664 2366; x_wconf 82' lang='lat' dir='ltr'>privilegium</span> 
     </span>
     <span class='ocr_line' id='line_1_14' title="bbox 248 2391 421 2476; baseline -0.012 0"><span class='ocrx_word' id='word_1_100' title='bbox 248 2391 421 2476; x_wconf 83' lang='lat' dir='ltr'>contulit.</span> 
     </span>
    </p>
   </div>
   <div class='ocr_carea' id='block_1_5' title="bbox 331 2563 1192 2684">
    <p class='ocr_par' dir='ltr' id='par_1_6' title="bbox 331 2563 1192 2684">
     <span class='ocr_line' id='line_1_15' title="bbox 331 2563 1192 2684; baseline -0.009 -18"><span class='ocrx_word' id='word_1_101' title='bbox 331 2563 428 2684; x_wconf 71' lang='lat' dir='ltr'>(uus</span> <span class='ocrx_word' id='word_1_102' title='bbox 443 2621 492 2683; x_wconf 75' lang='lat' dir='ltr'>ap.</span> <span class='ocrx_word' id='word_1_103' title='bbox 512 2605 649 2677; x_wconf 66' lang='lat' dir='ltr'>aaran,</span> <span class='ocrx_word' id='word_1_104' title='bbox 663 2599 758 2681; x_wconf 68' lang='lat' dir='ltr'>spor.</span> <span class='ocrx_word' id='word_1_105' title='bbox 772 2599 871 2660; x_wconf 66' lang='lat' dir='ltr'>ruse.</span> <span class='ocrx_word' id='word_1_106' title='bbox 887 2597 948 2674; x_wconf 89' lang='lat'>111,</span> <span class='ocrx_word' id='word_1_107' title='bbox 963 2603 988 2659; x_wconf 82' lang='lat' dir='ltr'>r.</span> <span class='ocrx_word' id='word_1_108' title='bbox 1004 2597 1049 2672; x_wconf 92' lang='lat' dir='ltr'>n,</span> <span class='ocrx_word' id='word_1_109' title='bbox 1066 2614 1095 2674; x_wconf 76' lang='lat' dir='ltr'>p.</span> <span class='ocrx_word' id='word_1_110' title='bbox 1108 2597 1192 2676; x_wconf 75' lang='lat' dir='ltr'>er.)</span> 
     </span>
    </p>
   </div>
   <div class='ocr_carea' id='block_1_6' title="bbox 247 2765 1665 4625">
    <p class='ocr_par' dir='ltr' id='par_1_7' title="bbox 247 2765 1665 4625">
     <span class='ocr_line' id='line_1_16' title="bbox 297 2765 1662 2880; baseline -0.001 -15"><span class='ocrx_word' id='word_1_111' title='bbox 297 2791 536 2880; x_wconf 86' lang='lat' dir='ltr'>innocentius,</span> <span class='ocrx_word' id='word_1_112' title='bbox 561 2796 650 2878; x_wconf 79' lang='lat' dir='ltr'>etc,</span> <span class='ocrx_word' id='word_1_113' title='bbox 672 2785 869 2858; x_wconf 83' lang='lat' dir='ltr'>Constantis</span> <span class='ocrx_word' id='word_1_114' title='bbox 892 2784 1017 2857; x_wconf 82' lang='lat' dir='ltr'>illustri</span> <span class='ocrx_word' id='word_1_115' title='bbox 1043 2784 1162 2880; x_wconf 80' lang='lat' dir='ltr'>regine</span> <span class='ocrx_word' id='word_1_116' title='bbox 1187 2784 1323 2878; x_wconf 92' lang='lat' dir='ltr'>Sicilie,</span> <span class='ocrx_word' id='word_1_117' title='bbox 1346 2765 1417 2860; x_wconf 54' lang='lat' dir='ltr'>etc]</span> <span class='ocrx_word' id='word_1_118' title='bbox 1440 2791 1662 2865; x_wconf 84' lang='lat' dir='ltr'>sacrosancta</span> 
     </span>
     <span class='ocr_line' id='line_1_17' title="bbox 248 2907 1662 3012; baseline -0.001 -21"><span class='ocrx_word' id='word_1_119' title='bbox 248 2919 401 2993; x_wconf 82' lang='lat' dir='ltr'>Romana</span> <span class='ocrx_word' id='word_1_120' title='bbox 422 2914 574 2987; x_wconf 81' lang='lat' dir='ltr'>Ecclesia</span> <span class='ocrx_word' id='word_1_121' title='bbox 590 2913 736 2985; x_wconf 86' lang='lat' dir='ltr'>devotos</span> <span class='ocrx_word' id='word_1_122' title='bbox 753 2918 789 2983; x_wconf 90' lang='lat' dir='ltr'>et</span> <span class='ocrx_word' id='word_1_123' title='bbox 805 2909 954 2982; x_wconf 89' lang='lat' dir='ltr'>humiles</span> <span class='ocrx_word' id='word_1_124' title='bbox 972 2907 1062 2982; x_wconf 88' lang='lat' dir='ltr'>filios</span> <span class='ocrx_word' id='word_1_125' title='bbox 1084 2921 1119 2982; x_wconf 86' lang='lat' dir='ltr'>et</span> <span class='ocrx_word' id='word_1_126' title='bbox 1140 2919 1276 2984; x_wconf 90' lang='lat' dir='ltr'>assuete</span> <span class='ocrx_word' id='word_1_127' title='bbox 1295 2911 1432 3006; x_wconf 86' lang='lat' dir='ltr'>pietatis</span> <span class='ocrx_word' id='word_1_128' title='bbox 1450 2913 1562 2988; x_wconf 87' lang='lat' dir='ltr'>officio</span> <span class='ocrx_word' id='word_1_129' title='bbox 1581 2938 1662 3012; x_wconf 86' lang='lat' dir='ltr'>pro-</span> 
     </span>
     <span class='ocr_line' id='line_1_18' title="bbox 249 3032 1657 3140; baseline -0.001 -25"><span class='ocrx_word' id='word_1_130' title='bbox 249 3042 392 3140; x_wconf 89' lang='lat' dir='ltr'>pensius</span> <span class='ocrx_word' id='word_1_131' title='bbox 409 3039 554 3134; x_wconf 79' lang='lat' dir='ltr'>diligere</span> <span class='ocrx_word' id='word_1_132' title='bbox 571 3035 751 3109; x_wconf 89' lang='lat' dir='ltr'>consucvit</span> <span class='ocrx_word' id='word_1_133' title='bbox 769 3044 805 3106; x_wconf 92' lang='lat' dir='ltr'>et</span> <span class='ocrx_word' id='word_1_134' title='bbox 821 3055 866 3106; x_wconf 93' lang='lat' dir='ltr'>ne</span> <span class='ocrx_word' id='word_1_135' title='bbox 883 3055 1069 3130; x_wconf 88' lang='lat' dir='ltr'>pravorum</span> <span class='ocrx_word' id='word_1_136' title='bbox 1088 3032 1268 3106; x_wconf 90' lang='lat' dir='ltr'>hominum</span> <span class='ocrx_word' id='word_1_137' title='bbox 1287 3037 1450 3110; x_wconf 88' lang='lat' dir='ltr'>molestiis</span> <span class='ocrx_word' id='word_1_138' title='bbox 1473 3040 1657 3134; x_wconf 78' lang='lat' dir='ltr'>agitentur,</span> 
     </span>
     <span class='ocr_line' id='line_1_19' title="bbox 249 3157 1659 3258; baseline -0.001 -19"><span class='ocrx_word' id='word_1_139' title='bbox 249 3187 308 3240; x_wconf 90' lang='lat' dir='ltr'>eos</span> <span class='ocrx_word' id='word_1_140' title='bbox 329 3173 495 3258; x_wconf 89' lang='lat' dir='ltr'>tauquam</span> <span class='ocrx_word' id='word_1_141' title='bbox 514 3161 572 3257; x_wconf 87' lang='lat' dir='ltr'>pia</span> <span class='ocrx_word' id='word_1_142' title='bbox 590 3167 699 3232; x_wconf 87' lang='lat' dir='ltr'>mater</span> <span class='ocrx_word' id='word_1_143' title='bbox 721 3179 784 3230; x_wconf 87' lang='lat' dir='ltr'>suc</span> <span class='ocrx_word' id='word_1_144' title='bbox 803 3157 1024 3253; x_wconf 89' lang='lat' dir='ltr'>protectionis</span> <span class='ocrx_word' id='word_1_145' title='bbox 1045 3157 1238 3229; x_wconf 91' lang='lat' dir='ltr'>munimine</span> <span class='ocrx_word' id='word_1_146' title='bbox 1257 3161 1452 3234; x_wconf 82' lang='lat' dir='ltr'>contovere.</span> <span class='ocrx_word' id='word_1_147' title='bbox 1471 3164 1562 3236; x_wconf 89' lang='lat' dir='ltr'>Sane</span> <span class='ocrx_word' id='word_1_148' title='bbox 1579 3187 1659 3238; x_wconf 93' lang='lat' dir='ltr'>cum</span> 
     </span>
     <span class='ocr_line' id='line_1_20' title="bbox 249 3281 1662 3378; baseline -0.001 -14"><span class='ocrx_word' id='word_1_149' title='bbox 249 3289 446 3364; x_wconf 86' lang='lat' dir='ltr'>carissimus</span> <span class='ocrx_word' id='word_1_150' title='bbox 470 3285 507 3360; x_wconf 89' lang='lat' dir='ltr'>in</span> <span class='ocrx_word' id='word_1_151' title='bbox 531 3284 664 3358; x_wconf 84' lang='lat' dir='ltr'>Christo</span> <span class='ocrx_word' id='word_1_152' title='bbox 686 3281 779 3354; x_wconf 89' lang='lat' dir='ltr'>filius</span> <span class='ocrx_word' id='word_1_153' title='bbox 800 3290 916 3354; x_wconf 91' lang='lat' dir='ltr'>noster</span> <span class='ocrx_word' id='word_1_154' title='bbox 938 3281 1141 3354; x_wconf 83' lang='lat' dir='ltr'>Fredericus</span> <span class='ocrx_word' id='word_1_155' title='bbox 1167 3281 1283 3356; x_wconf 91' lang='lat' dir='ltr'>Sicilie</span> <span class='ocrx_word' id='word_1_156' title='bbox 1301 3305 1365 3356; x_wconf 85' lang='lat' dir='ltr'>rex</span> <span class='ocrx_word' id='word_1_157' title='bbox 1391 3285 1550 3378; x_wconf 89' lang='lat' dir='ltr'>illustris,</span> <span class='ocrx_word' id='word_1_158' title='bbox 1571 3289 1662 3362; x_wconf 89' lang='lat' dir='ltr'>sicut</span> 
     </span>
     <span class='ocr_line' id='line_1_21' title="bbox 249 3405 1659 3511; baseline -0.001 -23"><span class='ocrx_word' id='word_1_159' title='bbox 249 3417 285 3488; x_wconf 95' lang='lat' dir='ltr'>in</span> <span class='ocrx_word' id='word_1_160' title='bbox 307 3415 418 3511; x_wconf 89' lang='lat' dir='ltr'>ipsius</span> <span class='ocrx_word' id='word_1_161' title='bbox 446 3409 644 3486; x_wconf 86' lang='lat' dir='ltr'>authentico</span> <span class='ocrx_word' id='word_1_162' title='bbox 669 3428 773 3502; x_wconf 89' lang='lat' dir='ltr'>snper</span> <span class='ocrx_word' id='word_1_163' title='bbox 797 3407 865 3479; x_wconf 92' lang='lat' dir='ltr'>hoc</span> <span class='ocrx_word' id='word_1_164' title='bbox 889 3407 1044 3478; x_wconf 87' lang='lat' dir='ltr'>conlecto</span> <span class='ocrx_word' id='word_1_165' title='bbox 1062 3405 1200 3502; x_wconf 90' lang='lat' dir='ltr'>plonius</span> <span class='ocrx_word' id='word_1_166' title='bbox 1213 3408 1380 3482; x_wconf 91' lang='lat' dir='ltr'>contineri</span> <span class='ocrx_word' id='word_1_167' title='bbox 1398 3415 1659 3508; x_wconf 81' lang='lat' dir='ltr'>perspeximus,</span> 
     </span>
     <span class='ocr_line' id='line_1_22' title="bbox 249 3530 1663 3634; baseline 0.001 -23"><span class='ocrx_word' id='word_1_168' title='bbox 249 3539 286 3610; x_wconf 94' lang='lat' dir='ltr'>in</span> <span class='ocrx_word' id='word_1_169' title='bbox 315 3535 500 3610; x_wconf 88' lang='lat' dir='ltr'>dodarium</span> <span class='ocrx_word' id='word_1_170' title='bbox 524 3555 587 3606; x_wconf 91' lang='lat' dir='ltr'>seu</span> <span class='ocrx_word' id='word_1_171' title='bbox 613 3530 835 3604; x_wconf 85' lang='lat' dir='ltr'>donationem</span> <span class='ocrx_word' id='word_1_172' title='bbox 862 3538 999 3626; x_wconf 87' lang='lat' dir='ltr'>propter</span> <span class='ocrx_word' id='word_1_173' title='bbox 1021 3530 1161 3624; x_wconf 88' lang='lat' dir='ltr'>nuptias</span> <span class='ocrx_word' id='word_1_174' title='bbox 1183 3531 1220 3602; x_wconf 93' lang='lat' dir='ltr'>in</span> <span class='ocrx_word' id='word_1_175' title='bbox 1243 3531 1360 3604; x_wconf 90' lang='lat' dir='ltr'>Sicilia</span> <span class='ocrx_word' id='word_1_176' title='bbox 1383 3535 1545 3608; x_wconf 89' lang='lat' dir='ltr'>Carinum</span> <span class='ocrx_word' id='word_1_177' title='bbox 1567 3540 1663 3634; x_wconf 90' lang='lat' dir='ltr'>quod</span> 
     </span>
     <span class='ocr_line' id='line_1_23' title="bbox 248 3654 1665 3758; baseline -0.001 -22"><span class='ocrx_word' id='word_1_178' title='bbox 248 3661 461 3758; x_wconf 89' lang='lat' dir='ltr'>inpartibus</span> <span class='ocrx_word' id='word_1_179' title='bbox 487 3655 738 3732; x_wconf 87' lang='lat' dir='ltr'>Panormitanis</span> <span class='ocrx_word' id='word_1_180' title='bbox 760 3654 879 3727; x_wconf 86' lang='lat' dir='ltr'>existit</span> <span class='ocrx_word' id='word_1_181' title='bbox 903 3676 983 3726; x_wconf 90' lang='lat' dir='ltr'>cum</span> <span class='ocrx_word' id='word_1_182' title='bbox 1006 3654 1169 3726; x_wconf 90' lang='lat' dir='ltr'>omnibus</span> <span class='ocrx_word' id='word_1_183' title='bbox 1192 3656 1382 3746; x_wconf 85' lang='lat' dir='ltr'>casalibus,</span> <span class='ocrx_word' id='word_1_184' title='bbox 1404 3660 1602 3734; x_wconf 89' lang='lat' dir='ltr'>tenimentis</span> <span class='ocrx_word' id='word_1_185' title='bbox 1629 3673 1665 3736; x_wconf 91' lang='lat' dir='ltr'>et</span> 
     </span>
     <span class='ocr_line' id='line_1_24' title="bbox 247 3777 1663 3883; baseline 0.001 -24"><span class='ocrx_word' id='word_1_186' title='bbox 247 3785 464 3883; x_wconf 87' lang='lat' dir='ltr'>pertinentiis</span> <span class='ocrx_word' id='word_1_187' title='bbox 487 3783 581 3874; x_wconf 88' lang='lat' dir='ltr'>suis,</span> <span class='ocrx_word' id='word_1_188' title='bbox 601 3782 638 3852; x_wconf 96' lang='lat' dir='ltr'>in</span> <span class='ocrx_word' id='word_1_189' title='bbox 664 3780 756 3852; x_wconf 88' lang='lat' dir='ltr'>valle</span> <span class='ocrx_word' id='word_1_190' title='bbox 784 3779 944 3851; x_wconf 90' lang='lat' dir='ltr'>Demensi</span> <span class='ocrx_word' id='word_1_191' title='bbox 972 3777 1173 3866; x_wconf 82' lang='lat' dir='ltr'>Canonium,</span> <span class='ocrx_word' id='word_1_192' title='bbox 1203 3781 1365 3853; x_wconf 90' lang='lat' dir='ltr'>Sanctum</span> <span class='ocrx_word' id='word_1_193' title='bbox 1395 3783 1598 3859; x_wconf 87' lang='lat' dir='ltr'>Filadellum</span> <span class='ocrx_word' id='word_1_194' title='bbox 1628 3796 1663 3860; x_wconf 91' lang='lat' dir='ltr'>et</span> 
     </span>
     <span class='ocr_line' id='line_1_25' title="bbox 247 3903 1663 3998; baseline 0.001 -14"><span class='ocrx_word' id='word_1_195' title='bbox 247 3913 407 3984; x_wconf 74' lang='lat' dir='ltr'>Sanctm</span> <span class='ocrx_word' id='word_1_196' title='bbox 433 3909 576 3982; x_wconf 76' lang='lat' dir='ltr'>Manem</span> <span class='ocrx_word' id='word_1_197' title='bbox 596 3923 677 3998; x_wconf 88' lang='lat' dir='ltr'>cum</span> <span class='ocrx_word' id='word_1_198' title='bbox 699 3903 861 3976; x_wconf 90' lang='lat' dir='ltr'>omnibns</span> <span class='ocrx_word' id='word_1_199' title='bbox 884 3903 1070 3994; x_wconf 87' lang='lat' dir='ltr'>casalibus,</span> <span class='ocrx_word' id='word_1_200' title='bbox 1091 3903 1307 3998; x_wconf 87' lang='lat' dir='ltr'>pertinentiis</span> <span class='ocrx_word' id='word_1_201' title='bbox 1325 3915 1360 3979; x_wconf 89' lang='lat' dir='ltr'>et</span> <span class='ocrx_word' id='word_1_202' title='bbox 1385 3909 1583 3983; x_wconf 88' lang='lat' dir='ltr'>tenimentis</span> <span class='ocrx_word' id='word_1_203' title='bbox 1603 3933 1663 3985; x_wconf 90' lang='lat' dir='ltr'>eo-</span> 
     </span>
     <span class='ocr_line' id='line_1_26' title="bbox 247 4027 1663 4128; baseline 0 -20"><span class='ocrx_word' id='word_1_204' title='bbox 247 4057 325 4108; x_wconf 92' lang='lat' dir='ltr'>rum</span> <span class='ocrx_word' id='word_1_205' title='bbox 343 4055 478 4108; x_wconf 87' lang='lat' dir='ltr'>necnon</span> <span class='ocrx_word' id='word_1_206' title='bbox 504 4041 538 4106; x_wconf 86' lang='lat' dir='ltr'>et</span> <span class='ocrx_word' id='word_1_207' title='bbox 562 4031 678 4104; x_wconf 87' lang='lat' dir='ltr'>omnia</span> <span class='ocrx_word' id='word_1_208' title='bbox 704 4029 829 4102; x_wconf 83' lang='lat' dir='ltr'>casalia</span> <span class='ocrx_word' id='word_1_209' title='bbox 854 4027 888 4098; x_wconf 92' lang='lat' dir='ltr'>in</span> <span class='ocrx_word' id='word_1_210' title='bbox 908 4027 1030 4100; x_wconf 90' lang='lat' dir='ltr'>endem</span> <span class='ocrx_word' id='word_1_211' title='bbox 1053 4028 1144 4099; x_wconf 88' lang='lat' dir='ltr'>valle</span> <span class='ocrx_word' id='word_1_212' title='bbox 1163 4029 1324 4101; x_wconf 90' lang='lat' dir='ltr'>Demensi</span> <span class='ocrx_word' id='word_1_213' title='bbox 1351 4032 1570 4107; x_wconf 85' lang='lat' dir='ltr'>consistentia</span> <span class='ocrx_word' id='word_1_214' title='bbox 1593 4057 1663 4128; x_wconf 87' lang='lat' dir='ltr'>quc</span> 
     </span>
     <span class='ocr_line' id='line_1_27' title="bbox 247 4153 1662 4248; baseline -0.003 -15"><span class='ocrx_word' id='word_1_215' title='bbox 247 4157 295 4233; x_wconf 90' lang='lat' dir='ltr'>ad</span> <span class='ocrx_word' id='word_1_216' title='bbox 320 4179 425 4232; x_wconf 87' lang='lat' dir='ltr'>suurn</span> <span class='ocrx_word' id='word_1_217' title='bbox 455 4155 655 4230; x_wconf 88' lang='lat' dir='ltr'>demanium</span> <span class='ocrx_word' id='word_1_218' title='bbox 683 4153 854 4248; x_wconf 87' lang='lat' dir='ltr'>pertinere</span> <span class='ocrx_word' id='word_1_219' title='bbox 883 4162 1083 4244; x_wconf 90' lang='lat' dir='ltr'>noscuntur,</span> <span class='ocrx_word' id='word_1_220' title='bbox 1111 4153 1250 4246; x_wconf 89' lang='lat' dir='ltr'>insuper</span> <span class='ocrx_word' id='word_1_221' title='bbox 1276 4155 1466 4228; x_wconf 90' lang='lat' dir='ltr'>Oliverinm</span> <span class='ocrx_word' id='word_1_222' title='bbox 1498 4168 1533 4230; x_wconf 89' lang='lat' dir='ltr'>et</span> <span class='ocrx_word' id='word_1_223' title='bbox 1556 4181 1662 4232; x_wconf 91' lang='lat' dir='ltr'>mon-</span> 
     </span>
     <span class='ocr_line' id='line_1_28' title="bbox 247 4277 1662 4370; baseline -0.002 -10"><span class='ocrx_word' id='word_1_224' title='bbox 247 4297 316 4360; x_wconf 87' lang='lat' dir='ltr'>tom</span> <span class='ocrx_word' id='word_1_225' title='bbox 333 4284 509 4358; x_wconf 81' lang='lat' dir='ltr'>Albanum</span> <span class='ocrx_word' id='word_1_226' title='bbox 533 4301 613 4353; x_wconf 93' lang='lat' dir='ltr'>cum</span> <span class='ocrx_word' id='word_1_227' title='bbox 637 4278 799 4351; x_wconf 90' lang='lat' dir='ltr'>omnibus</span> <span class='ocrx_word' id='word_1_228' title='bbox 824 4277 997 4350; x_wconf 87' lang='lat' dir='ltr'>casalibus</span> <span class='ocrx_word' id='word_1_229' title='bbox 1019 4285 1055 4348; x_wconf 91' lang='lat' dir='ltr'>et</span> <span class='ocrx_word' id='word_1_230' title='bbox 1078 4279 1273 4350; x_wconf 88' lang='lat' dir='ltr'>tenimentis</span> <span class='ocrx_word' id='word_1_231' title='bbox 1298 4299 1439 4370; x_wconf 89' lang='lat' dir='ltr'>eorum,</span> <span class='ocrx_word' id='word_1_232' title='bbox 1466 4281 1500 4352; x_wconf 93' lang='lat' dir='ltr'>in</span> <span class='ocrx_word' id='word_1_233' title='bbox 1521 4284 1662 4359; x_wconf 87' lang='lat' dir='ltr'>servitio</span> 
     </span>
     <span class='ocr_line' id='line_1_29' title="bbox 247 4402 1660 4495; baseline 0 -13"><span class='ocrx_word' id='word_1_234' title='bbox 247 4431 331 4484; x_wconf 85' lang='lat' dir='ltr'>vero</span> <span class='ocrx_word' id='word_1_235' title='bbox 347 4411 508 4482; x_wconf 89' lang='lat' dir='ltr'>Sanctum</span> <span class='ocrx_word' id='word_1_236' title='bbox 531 4406 668 4478; x_wconf 86' lang='lat' dir='ltr'>Petrum</span> <span class='ocrx_word' id='word_1_237' title='bbox 688 4403 732 4476; x_wconf 90' lang='lat' dir='ltr'>de</span> <span class='ocrx_word' id='word_1_238' title='bbox 751 4403 869 4476; x_wconf 85' lang='lat' dir='ltr'>Ficana</span> <span class='ocrx_word' id='word_1_239' title='bbox 893 4411 929 4475; x_wconf 90' lang='lat' dir='ltr'>et</span> <span class='ocrx_word' id='word_1_240' title='bbox 951 4411 1101 4476; x_wconf 90' lang='lat' dir='ltr'>castrum</span> <span class='ocrx_word' id='word_1_241' title='bbox 1124 4402 1267 4495; x_wconf 84' lang='lat' dir='ltr'>Fi&#39;oarie,</span> <span class='ocrx_word' id='word_1_242' title='bbox 1289 4403 1445 4478; x_wconf 84' lang='lat' dir='ltr'>Galatam</span> <span class='ocrx_word' id='word_1_243' title='bbox 1468 4416 1503 4480; x_wconf 89' lang='lat' dir='ltr'>et</span> <span class='ocrx_word' id='word_1_244' title='bbox 1522 4407 1660 4483; x_wconf 83' lang='lat' dir='ltr'>Militel·</span> 
     </span>
     <span class='ocr_line' id='line_1_30' title="bbox 248 4527 1660 4625; baseline 0.001 -18"><span class='ocrx_word' id='word_1_245' title='bbox 248 4536 338 4625; x_wconf 90' lang='lat' dir='ltr'>lum,</span> <span class='ocrx_word' id='word_1_246' title='bbox 365 4534 447 4606; x_wconf 90' lang='lat' dir='ltr'>item</span> <span class='ocrx_word' id='word_1_247' title='bbox 472 4529 735 4604; x_wconf 86' lang='lat' dir='ltr'>Tauromenium</span> <span class='ocrx_word' id='word_1_248' title='bbox 767 4550 847 4600; x_wconf 93' lang='lat' dir='ltr'>cnm</span> <span class='ocrx_word' id='word_1_249' title='bbox 874 4528 1036 4599; x_wconf 90' lang='lat' dir='ltr'>omnibus</span> <span class='ocrx_word' id='word_1_250' title='bbox 1070 4527 1266 4599; x_wconf 87' lang='lat' dir='ltr'>tenimentis</span> <span class='ocrx_word' id='word_1_251' title='bbox 1289 4537 1323 4601; x_wconf 90' lang='lat' dir='ltr'>et</span> <span class='ocrx_word' id='word_1_252' title='bbox 1345 4531 1559 4624; x_wconf 89' lang='lat' dir='ltr'>pertinentiis</span> <span class='ocrx_word' id='word_1_253' title='bbox 1586 4536 1660 4608; x_wconf 91' lang='lat' dir='ltr'>suis</span> 
     </span>
    </p>
   </div>
   <div class='ocr_carea' id='block_1_7' title="bbox 248 4650 1698 4842">
    <p class='ocr_par' dir='ltr' id='par_1_8' title="bbox 248 4650 1698 4842">
     <span class='ocr_line' id='line_1_31' title="bbox 248 4650 1698 4750; baseline -0.001 -18"><span class='ocrx_word' id='word_1_254' title='bbox 248 4669 315 4732; x_wconf 72' lang='lat' dir='ltr'>mm</span> <span class='ocrx_word' id='word_1_255' title='bbox 330 4655 483 4731; x_wconf 90' lang='lat' dir='ltr'>demanii</span> <span class='ocrx_word' id='word_1_256' title='bbox 498 4675 605 4750; x_wconf 85' lang='lat' dir='ltr'>quem</span> <span class='ocrx_word' id='word_1_257' title='bbox 620 4651 770 4742; x_wconf 89' lang='lat' dir='ltr'>servitii;</span> <span class='ocrx_word' id='word_1_258' title='bbox 791 4651 995 4747; x_wconf 89' lang='lat' dir='ltr'>inpartibus</span> <span class='ocrx_word' id='word_1_259' title='bbox 1010 4672 1094 4724; x_wconf 91' lang='lat' dir='ltr'>vero</span> <span class='ocrx_word' id='word_1_260' title='bbox 1107 4650 1352 4746; x_wconf 84' lang='lat' dir='ltr'>Apulietotnm</span> <span class='ocrx_word' id='word_1_261' title='bbox 1371 4654 1534 4728; x_wconf 89' lang='lat' dir='ltr'>honorem</span> <span class='ocrx_word' id='word_1_262' title='bbox 1551 4660 1660 4733; x_wconf 84' lang='lat' dir='ltr'>comi·</span> <span class='ocrx_word' id='word_1_263' title='bbox 1694 4651 1698 4659; x_wconf 81' lang='grc'><strong>’</strong></span> 
     </span>
     <span class='ocr_line' id='line_1_32' title="bbox 327 4781 1497 4842; baseline -0.002 0"><span class='ocrx_word' id='word_1_264' title='bbox 327 4781 354 4842; x_wconf 92' lang='lat'>1.</span> <span class='ocrx_word' id='word_1_265' title='bbox 1459 4789 1497 4841; x_wconf 74' lang='lat'>2²</span> 
     </span>
    </p>
   </div>
   <div class='ocr_carea' id='block_1_8' title="bbox 0 0 2194 5954">
    <p class='ocr_par' dir='ltr' id='par_1_9' title="bbox 0 0 2194 5954">
     <span class='ocr_line' id='line_1_33' title="bbox 0 0 2194 5954; baseline 0 0"><span class='ocrx_word' id='word_1_266' title='bbox 0 0 2194 5954; x_wconf 95' lang='lat' dir='ltr'> </span> 
     </span>
    </p>
   </div>
  </div>
 </body>
</html>
