4434 5942
544 547 585 610 56
1044 547 1260 610 lnlbltttlcl
1285 548 1462 610 SECUNlll
1771 548 1850 634 [Aue.
1869 549 1959 616 120⁰.

547 681 750 777 dignitatem
765 702 844 753 cum
854 677 1009 754 fidelium
1018 703 1159 754 suornm
1169 682 1328 778 princeps
1339 681 1443 760 iidem
1457 680 1665 775 considerat,
1674 683 1895 758 devotionem
1906 705 1961 758 ac·

547 805 662 880 cendit
679 815 713 879 et
731 806 838 900 digna
854 806 994 880 servitia
1010 829 1101 901 equa
1114 809 1347 882 retributionis
1361 810 1460 882 lance
1477 818 1687 904 compensat.
1699 809 1961 882 Cousiderautes

547 932 653 1027 igitur
664 941 840 1027 expertam
855 929 959 1006 fidem
972 941 1007 1005 et
1019 941 1116 1027 grata
1127 933 1267 1008 servitia
1279 955 1350 1028 que
1361 955 1437 1026 vos,
1450 933 1546 1008 cives
1558 934 1731 1024 Panormi,
1747 933 1866 1008 fideles
1880 955 1960 1008 nos·

547 1057 604 1149 tri,
613 1055 914 1153 predecessoribus
924 1057 1048 1130 nostris
1062 1057 1171 1130 felicis
1184 1059 1349 1132 memorie
1363 1069 1398 1132 et
1412 1069 1527 1132 nostre
1537 1059 1867 1132 celsitudinidevote
1877 1058 1959 1130 satis

546 1190 581 1254 et
593 1179 740 1256 fideliter
751 1202 887 1276 semper
899 1181 1065 1255 exbibete
1076 1183 1237 1272 curastis,
1250 1192 1355 1278 atque
1370 1184 1407 1256 in
1424 1193 1526 1258 antee
1542 1183 1696 1279 poteritis
1713 1183 1891 1272 exhibere,
1907 1191 1959 1255 at·

544 1306 723 1381 tendentes
740 1307 843 1380 etiam
862 1305 1009 1401 qualiter
1031 1328 1097 1403 pro
1109 1305 1274 1381 fidelitate
1290 1308 1392 1382 nobis
1404 1307 1587 1396 servanda,
1604 1329 1646 1381 eo
1663 1307 1823 1382 videlicet
1841 1329 1960 1382 neccs-

544 1432 655 1504 sitatis
671 1430 815 1504 articulo
833 1431 975 1526 quando
989 1454 1053 1528 pro
1071 1433 1265 1507 turbatione
1282 1434 1398 1508 Sicilie
1412 1456 1488 1508 rara
1506 1432 1594 1508 fides
1608 1443 1682 1508 erat
1695 1435 1732 1506 in
1745 1433 1824 1508 aliis
1838 1443 1873 1506 et
1888 1435 1960 1506 iere

543 1557 672 1652 singuli
685 1557 893 1648 titubabant,
913 1578 982 1630 non
1000 1558 1113 1630 solum
1129 1579 1243 1630 rerum
1256 1569 1447 1632 vestrarum
1461 1558 1701 1654 dispendium,
1721 1559 1959 1631 verumetiam

544 1703 769 1778 personarum
783 1681 937 1777 pericula
954 1690 1148 1754 constanter
1163 1691 1197 1754 et
1210 1681 1356 1756 fideliter
1370 1683 1569 1778 pertulistis,
1583 1681 1629 1756 de
1642 1684 1760 1755 inuata
1773 1682 1875 1756 nobis
1891 1683 1959 1756 cle·

544 1807 674 1880 mentia
690 1804 914 1879 concedimus
931 1806 1032 1878 vobis
1050 1815 1085 1880 et
1100 1807 1357 1880 successoribus
1371 1807 1495 1880 vestris
1510 1808 1547 1880 in
1566 1817 1772 1903 perpetuum
1791 1807 1959 1902 integram

545 1931 738 2004 libertatem
755 1941 826 2002 tam
843 1929 888 2003 de
905 1940 1006 2026 portu
1020 1953 1126 2026 quam
1149 1931 1194 2006 de
1217 1933 1327 2029 portis
1345 1933 1382 2005 in
1397 1933 1560 2006 omnibus
1581 1933 1725 2028 gabellis
1743 1933 1852 2028 ipsius
1871 1931 1959 2004 civi·

546 2057 625 2131 tatis
641 2065 757 2129 nostre
781 2056 959 2149 Panormi,
982 2065 1021 2129 ut
1038 2055 1146 2130 libere
1172 2066 1207 2130 et
1233 2058 1309 2132 sine
1329 2059 1446 2153 aliqua
1469 2057 1609 2132 datione
1632 2057 1770 2154 possitis
1786 2077 1908 2128 omues
1925 2065 1961 2128 et

544 2201 783 2276 quascumque
796 2202 851 2254 res
863 2179 1017 2276 proprias
1033 2181 1216 2255 immittere
1230 2205 1293 2278 per
1305 2182 1399 2279 ipsas
1414 2191 1529 2280 portas
1547 2191 1581 2256 et
1594 2193 1732 2278 portum
1749 2181 1909 2256 Panormi
1925 2188 1961 2254 et

546 2304 629 2378 inde
640 2304 797 2378 similiter
808 2305 963 2379 libereet
974 2306 1050 2378 sinc
1063 2305 1203 2380 datione
1215 2307 1398 2382 extrahere
1409 2307 1565 2402 quelibet
1578 2307 1736 2403 propria;
1750 2306 1903 2403 exceptis
1917 2305 1960 2378 iis

545 2429 757 2502 victualibus
771 2449 841 2524 que
854 2429 899 2503 de
913 2429 1056 2525 speciali
1078 2429 1242 2504 mandato
1257 2441 1374 2505 nostro
1391 2431 1528 2506 extrahi
1543 2439 1799 2506 consueverunt
1813 2439 1849 2504 et
1865 2451 1960 2504 mer-

546 2554 705 2627 cimoniis
722 2575 792 2648 que
813 2553 859 2626 de
880 2563 978 2626 extra
996 2575 1143 2648 regnum
1160 2555 1365 2628 Panormum
1385 2555 1576 2630 detuleritis
1593 2556 1669 2630 sive
1692 2577 1753 2650 per
1772 2574 1868 2626 mare
1885 2553 1961 2625 sive

545 2703 608 2776 per
632 2689 774 2770 terram,
801 2677 846 2752 de
868 2680 997 2774 quibus
1016 2681 1046 2752 si
1074 2701 1201 2774 magne
1217 2681 1343 2754 luerint
1367 2679 1496 2754 dabitis
1517 2681 1553 2753 in
1578 2681 1654 2776 ipso
1676 2689 1777 2776 portu
1801 2677 1960 2750 Panormi

544 2813 678 2877 tantum
696 2813 731 2876 et
747 2825 817 2876 non
835 2802 918 2876 alibi
938 2802 983 2876 de
1000 2811 1138 2877 centum
1154 2804 1281 2876 tarenis
1297 2805 1387 2878 dune
1408 2813 1543 2878 tarenos
1559 2813 1706 2894 tantum,
1725 2810 1761 2874 et
1778 2802 1808 2874 si
1833 2801 1960 2874 luerint

545 2928 686 3002 subtilia
712 2927 756 3000 de
781 2936 919 3000 centum
937 2927 1065 3001 dabitis
1087 2949 1196 2999 unum
1215 2938 1373 3002 tarcnum
1395 2939 1550 3022 tantum,
1575 2928 1621 3003 de
1644 2929 1773 3024 quibus
1799 2925 1962 3000 omnibus

547 3052 780 3124 mercimoniis
800 3059 985 3146 pertulum
1013 3071 1161 3144 regnum
1186 3061 1341 3126 nostrum
1369 3062 1516 3148 excepto
1541 3061 1643 3148 portu
1670 3051 1844 3142 Panormi,
1873 3050 1962 3123 sicut

547 3176 679 3250 dictum
698 3185 762 3268 est,
783 3175 869 3247 nihil
886 3173 1104 3270 aliquatenus
1117 3177 1317 3250 exsolvatis.
1342 3177 1572 3251 concedimus
1598 3177 1703 3250 etiam
1726 3175 1827 3249 vobis
1854 3184 1893 3246 ut
1917 3175 1963 3248 de

546 3301 755 3375 victualibus
771 3308 805 3373 et
817 3300 1098 3396 quibuscumque
1115 3299 1194 3372 aliis
1215 3298 1320 3373 rebus
1336 3321 1407 3396 que
1422 3299 1469 3374 ad
1484 3301 1594 3396 ipsam
1611 3299 1786 3374 civitatem
1802 3297 1961 3372 Panormi

547 3427 750 3516 detuleritis,
764 3434 834 3500 tam
851 3447 914 3523 per
929 3447 1023 3498 mare
1038 3447 1144 3521 quam
1159 3449 1221 3522 per
1234 3433 1372 3520 terram,
1388 3447 1450 3522 per
1465 3425 1637 3518 Siciliam,
1652 3424 1842 3499 Calabriam
1858 3431 1893 3498 ct
1909 3433 1962 3498 to·

546 3559 621 3622 tum
634 3571 782 3644 regnum
795 3549 831 3620 in
847 3549 1075 3637 extrahendo,
1087 3549 1249 3643 ponendo
1263 3561 1298 3623 et
1310 3548 1527 3622 immittendo
1543 3549 1680 3644 plenam
1698 3548 1855 3622 babeatis
1867 3547 1963 3620 omni

547 3683 701 3769 tempore
727 3674 932 3746 libertatem.
956 3675 1007 3747 lle
1028 3673 1112 3745 vino
1134 3694 1217 3746 vero
1240 3671 1338 3769 quod
1360 3695 1421 3770 per
1446 3693 1541 3747 mare
1562 3674 1769 3748 Panormum
1794 3671 1959 3764 defertur,

549 3797 677 3870 dabitis
701 3796 737 3868 in
765 3797 840 3892 ipso
865 3805 966 3892 portu
992 3796 1150 3869 Panormi
1177 3805 1310 3870 tautum
1336 3806 1371 3870 ct
1399 3819 1469 3870 non
1496 3797 1579 3871 alibi
1605 3797 1811 3870 decentum
1835 3796 1964 3870 tarenis

548 3921 721 4016 quinque,
747 3919 793 3993 de
808 3920 884 3993 oleo
902 3942 1043 4016 qnoque
1061 3921 1188 3994 dabitis
1207 3922 1251 3995 de
1270 3931 1407 3995 centum
1427 3921 1548 3995 decem
1566 3922 1603 3994 in
1621 3921 1743 3995 eodem
1761 3931 1863 4018 portu
1881 3931 1965 3994 tan-

549 4056 642 4138 tum,
662 4047 760 4118 salvo
777 4065 820 4118 eo
837 4045 932 4140 quod
950 4043 997 4119 ad
1014 4067 1103 4142 opus
1126 4045 1254 4119 lamilie
1274 4054 1389 4120 vestre
1412 4055 1483 4118 tam
1508 4045 1553 4119 de
1577 4045 1664 4118 vino
1686 4067 1792 4140 quam
1818 4045 1864 4118 de
1889 4047 1964 4118 olco

548 4179 660 4267 potest
678 4171 847 4243 sufficere.
862 4169 1090 4244 Concedimus
1108 4191 1249 4266 quoque
1267 4179 1307 4243 ut
1324 4170 1487 4244 animalia
1504 4179 1618 4245 vestre
1637 4170 1769 4266 ubique
1787 4191 1849 4266 per
1873 4169 1965 4243 Sici·

547 4295 629 4370 liam
649 4318 711 4392 per
728 4305 834 4368 terras
860 4295 1011 4368 demanii
1032 4295 1140 4369 nostri
1163 4295 1315 4369 habeant
1341 4316 1470 4392 pascua
1492 4295 1600 4368 libera
1621 4295 1667 4368 ab
1691 4295 1786 4368 omni
1809 4294 1961 4369 datione.

547 4420 774 4495 Concedimus
796 4419 1019 4494 nibilominus
1044 4430 1084 4492 ut
1108 4420 1210 4494 liceat
1231 4419 1333 4494 vobis
1360 4419 1515 4494 incidere
1541 4419 1636 4512 ligna
1661 4428 1732 4492 tam
1755 4419 1836 4493 viva
1857 4440 1963 4514 quam

548 4556 683 4618 mortua
696 4546 744 4619 ad
760 4567 864 4618 usum
876 4554 1030 4618 vestrum
1044 4544 1176 4638 ubique
1190 4565 1254 4641 per
1271 4545 1471 4619 demanium
1489 4551 1659 4618 nostrum.
1676 4544 1846 4617 Volumus
1858 4543 1963 4616 etiam

548 4680 589 4742 ut
603 4670 740 4744 nonnisi
757 4671 802 4744 de
819 4671 963 4744 crimine
983 4669 1171 4765 majestatis
1189 4679 1223 4744 et
1245 4669 1313 4744 illis
1330 4669 1533 4745 criminibus
1551 4669 1708 4745 babeatis
1725 4669 1897 4761 duellum,
1918 4667 1965 4741 de
