4334 5980
338 2514 366 2558 ln
380 2514 448 2558 nobili
462 2515 517 2559 elvi-

353 2573 400 2612 totu
408 2567 509 2625 Euticu,

338 2622 366 2665 aa
377 2623 517 2677 septembris.

553 549 614 610 218
1052 557 1265 622 antoantct
1290 561 1464 622 secubat
1778 562 1856 645 [lias.
1876 563 1957 623 1219..

553 685 703 777 Alsatia,
723 690 866 764 comites
883 692 1083 768 ludovicus
1100 705 1134 770 et
1152 697 1370 772 Hermannus
1387 697 1433 771 de
1452 695 1624 793 Frcburg,
1644 717 1760 772 oomoe
1777 699 1959 773 wernerus

553 811 599 888 do
615 813 840 912 Hobeuburg,
859 816 1035 893 dmoldus
1056 821 1184 896 nobilis
1202 823 1247 898 de
1264 825 1379 916 Wart,
1400 822 1606 919 liudolphus
1626 821 1816 898 advocatus
1832 833 1955 914 noser,

552 937 758 1036 liudolphus
783 940 829 1015 dc
852 941 1093 1042 Ravenspurg‚
1114 945 1277 1022 Albertus
1298 946 1344 1022 de
1369 945 1575 1020 Tanhausen
1599 947 1823 1039 camerarius,
1846 957 1881 1021 et
1903 946 1959 1020 alii

552 1066 776 1160 quamplures
795 1077 975 1162 magnates
992 1079 1026 1143 et
1044 1071 1179 1146 nobiles
1196 1081 1232 1146 et
1248 1072 1361 1164 liberi,
1380 1093 1528 1167 quorum
1544 1071 1741 1146 testimonio
1758 1071 1827 1144 boe
1845 1071 1957 1169 privi-

550 1187 680 1282 legium
699 1199 831 1264 constat
849 1211 925 1266 esse
940 1191 1193 1268 confirmatum.

598 1311 685 1386 Acta
699 1323 781 1386 sunt
796 1313 861 1388 bec
877 1337 971 1390 anno
987 1316 1161 1394 dominice
1179 1317 1424 1394 incarnationis
1439 1317 1605 1411 mccxli,
1626 1339 1745 1392 mense
1760 1318 1954 1415 septembri,

550 1435 613 1508 XV
630 1436 820 1512 indictione
843 1437 914 1536 (t),
941 1441 1040 1536 regni
1064 1463 1148 1516 vero
1170 1440 1303 1518 domini
1326 1442 1433 1517 nostri
1456 1441 1621 1518 Friderici
1646 1443 1866 1516 illustrissimi
1889 1443 1957 1516 lio-

550 1581 731 1634 manorum
746 1563 961 1661 imperaturis
977 1567 1077 1640 electi
1091 1577 1127 1641 et
1143 1589 1280 1666 semper
1294 1569 1431 1665 augusti
1448 1567 1572 1666 primo,
1589 1569 1680 1665 regis
1693 1569 1810 1642 Sicilie
1821 1569 1957 1665 quinto·

547 1681 697 1760 decimo.

596 1809 722 1883 Datum
746 1810 783 1882 in
811 1809 919 1884 nobili
946 1811 1085 1888 civitate
1116 1813 1250 1890 Basilea
1275 1837 1338 1913 per
1361 1835 1488 1890 manue
1512 1814 1618 1890 Ulrici
1641 1816 1951 1913 viromanensi,

547 1932 592 2006 Vl
607 1933 774 2010 kalendas
790 1935 953 2027 octobris,
973 1937 1129 2012 feliciter.
1146 1937 1271 2014 Amen.

598 2512 831 2626 Friderious,
851 2519 1110 2604 Romanorum
1123 2521 1329 2633 imperator
1345 2521 1485 2607 electus
1503 2533 1541 2608 et
1561 2549 1629 2608 rex
1653 2523 1820 2632 Siciliae,
1838 2528 1952 2613 Otta-

545 2645 638 2732 luaro
655 2651 734 2762 τεῳ·
752 2652 955 2737 Bohemiae
972 2656 1239 2766 proprietatem
1258 2681 1369 2740 suum
1386 2655 1514 2764 FIoss,
1528 2669 1698 2742 castrum
1716 2659 1954 2745 Schwarnen-

545 2782 660 2896 berg,
674 2785 800 2894 Milia,
817 2786 1101 2896 Reichenbaeh,
1117 2789 1369 2874 Lichtenstein
1387 2800 1425 2874 et
1438 2789 1532 2876 ulios
1545 2791 1802 2902 possessiones
1814 2793 1952 2878 ibidem

545 2941 741 3027 expressus
760 2920 800 3002 in
817 2932 1043 3032 perpetuum
1060 2923 1178 3007 donat
1195 2932 1233 3008 et
1247 2922 1461 3008 confirmat.

629 3130 716 3212 (Edit.
731 3149 780 3211 ap.
800 3133 916 3196 Paeana
936 3135 1040 3212 Kana,
1054 3142 1079 3198 t.
1092 3137 1139 3211 11,
1154 3153 1186 3216 p.
1202 3145 1325 3201 Μ·
1339 3139 1481 3216 Donum
1501 3137 1633 3203 Monam.
1654 3135 1772 3201 Bebasa.
1792 3143 1826 3201 ln
1847 3141 1949 3204 ebron.

665 3241 834 3316 Pnlkavae,
850 3247 873 3304 t.
885 3243 945 3316 111,
962 3260 995 3321 p.
1007 3243 1460 3326 aos.-s0aunms,1a·mor.
1475 3242 1640 3326 diplomat,
1653 3247 1734 3322 t.11,
1747 3265 1779 3325 p.
1793 3255 1864 3311 481.
1879 3249 1949 3312 (ier-

665 3350 780 3410 mantea
794 3355 893 3412 autem
911 3365 963 3428 apr
976 3351 1142 3425 Goanasr„
1160 3351 1203 3414 Dc
1214 3367 1297 3434 repa.
1312 3349 1382 3414 Bet.
1393 3349 1509 3434 privil,
1520 3353 1662 3432 append„
1673 3360 1699 3416 t.
1707 3354 1762 3429 11.)

594 3535 631 3606 ln
650 3535 792 3610 nomine
809 3545 927 3610 sancte
947 3545 982 3610 et
1004 3535 1188 3612 individue
1203 3497 1388 3614 Trinitatis.
1409 3537 1533 3614 Amen.
1554 3536 1749 3613 Fridericua
1767 3537 1888 3614 divina
1902 3539 1952 3614 ia·

544 3667 648 3734 vente
666 3662 845 3735 clementia
866 3663 1099 3736 Romanorum
1118 3664 1304 3759 imperator
1320 3665 1450 3738 electus
1466 3673 1502 3738 et
1526 3685 1663 3760 semper
1684 3673 1871 3760 augustus,
1891 3687 1953 3739 rex

545 3785 671 3880 Sicilie,
687 3785 836 3860 ducatus
852 3785 980 3883 Apulia
997 3795 1032 3860 ct
1049 3787 1263 3884 principatus
1278 3787 1471 3886 osprand
1489 3787 1705 3863 extollendos
1722 3788 1816 3885 regie
1832 3786 1953 3884 digni-

401 3925 404 3932 ’
546 3909 625 3984 tatis
641 3909 759 3984 titulos
774 3931 895 3984 eorum
918 3909 1010 3984 votis
1029 3931 1095 3984 nos
1114 3911 1231 3986 ubivis
1248 3914 1417 3986 acclinare
1431 3911 1663 4006 decrevimus,
1682 3933 1830 4007 quorum
1848 3911 1952 3988 tidem

545 4057 587 4110 ao
610 4034 828 4110 devotionem
852 4035 943 4109 circa
966 4035 1130 4110 universa
1157 4037 1296 4132 nogotia
1318 4045 1435 4112 nostm
1458 4035 1696 4134 promovenda
1724 4036 1895 4132 integram
1919 4048 1953 4111 et

545 4158 784 4235 inconvulsam
801 4160 936 4236 certiori
950 4161 1166 4258 experientia
1179 4161 1378 4236 didicimus.
1396 4161 1549 4258 Dignum
1562 4182 1713 4258 namque
1724 4171 1760 4236 et
1770 4161 1951 4236 honestum

546 4284 753 4359 arbitramur
770 4287 842 4360 tore
859 4295 1035 4361 uteorum
1051 4286 1113 4384 qui
1131 4287 1334 4384 promotioni
1353 4295 1469 4360 nostre
1485 4285 1531 4360 ab
1546 4285 1692 4362 exordio
1708 4286 1866 4362 assistere
1884 4307 1951 4361 non

582 4594 619 4670 (t)
638 4596 688 4654 llic
698 4603 726 4654 et
737 4598 765 4655 in
777 4597 952 4672 sequentibus
963 4613 1050 4672 usquc
1066 4595 1100 4655 ad
1110 4596 1286 4656 novembrem
1299 4611 1421 4654 mensem
1439 4597 1524 4654 utitur
1535 4595 1656 4656 neurim
1667 4593 1811 4654 indictione
1820 4593 1951 4666 aonam,

546 4707 617 4766 quae
628 4699 718 4751 utmm
730 4695 861 4755 &manea
874 4694 954 4754 tuerit
966 4710 1001 4754 an
1012 4693 1316 4768 domtuntmopobtana,
1327 4695 1421 4769 primu
1432 4707 1494 4752 esse
1506 4693 1652 4754 debuisset.
