<?xml version="1.0" encoding="UTF-8"?>
<!DOCTYPE html PUBLIC "-//W3C//DTD XHTML 1.0 Transitional//EN"
    "http://www.w3.org/TR/xhtml1/DTD/xhtml1-transitional.dtd">
<html xmlns="http://www.w3.org/1999/xhtml" xml:lang="en" lang="en">
 <head>
  <title>
</title>
<meta http-equiv="Content-Type" content="text/html;charset=utf-8" />
  <meta name='ocr-system' content='tesseract 3.04.00' />
  <meta name='ocr-capabilities' content='ocr_page ocr_carea ocr_par ocr_line ocrx_word'/>
</head>
<body>
  <div class='ocr_page' id='page_1' title='image "./historiadiploma06fredgoog_0060.png"; bbox 0 0 4434 5942; ppageno 0'>
   <div class='ocr_carea' id='block_1_1' title="bbox 277 559 1686 648">
    <p class='ocr_par' dir='ltr' id='par_1_1' title="bbox 277 559 1686 648">
     <span class='ocr_line' id='line_1_1' title="bbox 277 559 1686 648; baseline -0.009 -16"><span class='ocrx_word' id='word_1_1' title='bbox 277 571 375 632; x_wconf 74' lang='lat' dir='ltr'>intur.</span> <span class='ocrx_word' id='word_1_2' title='bbox 391 566 434 648; x_wconf 83' lang='grc'>3.]</span> <span class='ocrx_word' id='word_1_3' title='bbox 726 562 923 626; x_wconf 79' lang='lat' dir='ltr'>HISTORIA</span> <span class='ocrx_word' id='word_1_4' title='bbox 949 561 1240 624; x_wconf 71' lang='lat' dir='ltr'>htrhottht&#39;tch</span> <span class='ocrx_word' id='word_1_5' title='bbox 1648 559 1686 620; x_wconf 76' lang='lat'>41</span> 
     </span>
    </p>
   </div>
   <div class='ocr_carea' id='block_1_2' title="bbox 277 696 1764 2667">
    <p class='ocr_par' dir='ltr' id='par_1_2' title="bbox 277 696 1764 924">
     <span class='ocr_line' id='line_1_2' title="bbox 277 696 1764 792; baseline -0.002 -14"><span class='ocrx_word' id='word_1_6' title='bbox 277 727 403 778; x_wconf 90' lang='lat' dir='ltr'>manus</span> <span class='ocrx_word' id='word_1_7' title='bbox 419 700 561 776; x_wconf 84' lang='lat' dir='ltr'>Matthei</span> <span class='ocrx_word' id='word_1_8' title='bbox 578 699 624 774; x_wconf 88' lang='lat' dir='ltr'>de</span> <span class='ocrx_word' id='word_1_9' title='bbox 641 699 783 773; x_wconf 87' lang='lat' dir='ltr'>Salcmc</span> <span class='ocrx_word' id='word_1_10' title='bbox 797 699 932 792; x_wconf 90' lang='lat' dir='ltr'>notarii,</span> <span class='ocrx_word' id='word_1_11' title='bbox 950 698 1061 775; x_wconf 88' lang='lat' dir='ltr'>fidelis</span> <span class='ocrx_word' id='word_1_12' title='bbox 1077 699 1196 788; x_wconf 83' lang='lat' dir='ltr'><strong>nostri,</strong></span> <span class='ocrx_word' id='word_1_13' title='bbox 1214 697 1316 770; x_wconf 82' lang='lat' dir='ltr'><strong>scribi</strong></span> <span class='ocrx_word' id='word_1_14' title='bbox 1328 705 1363 770; x_wconf 89' lang='lat' dir='ltr'>et</span> <span class='ocrx_word' id='word_1_15' title='bbox 1374 696 1560 788; x_wconf 83' lang='lat' dir='ltr'>majestatis</span> <span class='ocrx_word' id='word_1_16' title='bbox 1574 705 1688 770; x_wconf 89' lang='lat' dir='ltr'>nostre</span> <span class='ocrx_word' id='word_1_17' title='bbox 1759 765 1764 775; x_wconf 94' lang='grc'><em>,</em></span> 
     </span>
     <span class='ocr_line' id='line_1_3' title="bbox 277 821 1545 924; baseline -0.008 -22"><span class='ocrx_word' id='word_1_18' title='bbox 277 830 391 924; x_wconf 78' lang='lat' dir='ltr'>sigillo</span> <span class='ocrx_word' id='word_1_19' title='bbox 403 827 571 920; x_wconf 87' lang='lat' dir='ltr'>jussimus</span> <span class='ocrx_word' id='word_1_20' title='bbox 587 825 807 907; x_wconf 86' lang='lat' dir='ltr'>communiri,</span> <span class='ocrx_word' id='word_1_21' title='bbox 824 846 929 916; x_wconf 91' lang='lat' dir='ltr'>anno,</span> <span class='ocrx_word' id='word_1_22' title='bbox 947 845 1064 898; x_wconf 88' lang='lat' dir='ltr'>mensa</span> <span class='ocrx_word' id='word_1_23' title='bbox 1077 834 1112 896; x_wconf 88' lang='lat' dir='ltr'>et</span> <span class='ocrx_word' id='word_1_24' title='bbox 1127 823 1316 898; x_wconf 82' lang='lat' dir='ltr'>indictione</span> <span class='ocrx_word' id='word_1_25' title='bbox 1331 821 1545 916; x_wconf 77' lang='lat' dir='ltr'>subscriptis.</span> 
     </span>
    </p>

    <p class='ocr_par' dir='ltr' id='par_1_3' title="bbox 277 946 1691 1548">
     <span class='ocr_line' id='line_1_4' title="bbox 326 946 1690 1045; baseline -0.006 -19"><span class='ocrx_word' id='word_1_26' title='bbox 326 955 453 1026; x_wconf 88' lang='lat' dir='ltr'>Datum</span> <span class='ocrx_word' id='word_1_27' title='bbox 472 951 508 1022; x_wconf 93' lang='lat' dir='ltr'>in</span> <span class='ocrx_word' id='word_1_28' title='bbox 528 951 616 1024; x_wconf 89' lang='lat' dir='ltr'>urbe</span> <span class='ocrx_word' id='word_1_29' title='bbox 635 949 723 1022; x_wconf 89' lang='lat' dir='ltr'>lelici</span> <span class='ocrx_word' id='word_1_30' title='bbox 745 950 903 1023; x_wconf 79' lang='lat' dir='ltr'>Panormi</span> <span class='ocrx_word' id='word_1_31' title='bbox 926 971 989 1045; x_wconf 87' lang='lat' dir='ltr'>per</span> <span class='ocrx_word' id='word_1_32' title='bbox 1010 971 1133 1024; x_wconf 90' lang='lat' dir='ltr'>manus</span> <span class='ocrx_word' id='word_1_33' title='bbox 1151 947 1315 1020; x_wconf 88' lang='lat' dir='ltr'>Gualterii</span> <span class='ocrx_word' id='word_1_34' title='bbox 1331 946 1536 1021; x_wconf 87' lang='lat' dir='ltr'>venerahilis</span> <span class='ocrx_word' id='word_1_35' title='bbox 1553 947 1690 1039; x_wconf 88' lang='lat' dir='ltr'>ijani</span> 
     </span>
     <span class='ocr_line' id='line_1_5' title="bbox 277 1073 1691 1175; baseline -0.006 -23"><span class='ocrx_word' id='word_1_36' title='bbox 277 1077 430 1175; x_wconf 81' lang='lat' dir='ltr'>episcopi</span> <span class='ocrx_word' id='word_1_37' title='bbox 446 1085 482 1150; x_wconf 93' lang='lat' dir='ltr'>et</span> <span class='ocrx_word' id='word_1_38' title='bbox 500 1075 598 1170; x_wconf 76' lang='lat' dir='ltr'>regni</span> <span class='ocrx_word' id='word_1_39' title='bbox 615 1073 820 1166; x_wconf 87' lang='lat' dir='ltr'>cancellarii,</span> <span class='ocrx_word' id='word_1_40' title='bbox 840 1096 932 1150; x_wconf 91' lang='lat' dir='ltr'>auno</span> <span class='ocrx_word' id='word_1_41' title='bbox 948 1075 1119 1148; x_wconf 89' lang='lat' dir='ltr'>dominice</span> <span class='ocrx_word' id='word_1_42' title='bbox 1140 1073 1381 1146; x_wconf 84' lang='lat' dir='ltr'>incarnationis</span> <span class='ocrx_word' id='word_1_43' title='bbox 1401 1073 1581 1144; x_wconf 85' lang='lat' dir='ltr'>millesimo</span> <span class='ocrx_word' id='word_1_44' title='bbox 1601 1095 1691 1146; x_wconf 90' lang='lat' dir='ltr'>cen-</span> 
     </span>
     <span class='ocr_line' id='line_1_6' title="bbox 278 1197 1691 1296; baseline -0.004 -20"><span class='ocrx_word' id='word_1_45' title='bbox 278 1203 399 1276; x_wconf 84' lang='lat' dir='ltr'>tesimo</span> <span class='ocrx_word' id='word_1_46' title='bbox 418 1200 643 1296; x_wconf 77' lang='lat' dir='ltr'>nonagesimo</span> <span class='ocrx_word' id='word_1_47' title='bbox 667 1218 776 1290; x_wconf 92' lang='lat' dir='ltr'>nouo,</span> <span class='ocrx_word' id='word_1_48' title='bbox 804 1221 923 1272; x_wconf 85' lang='lat' dir='ltr'>manae</span> <span class='ocrx_word' id='word_1_49' title='bbox 947 1198 1159 1289; x_wconf 88' lang='lat' dir='ltr'>decembris,</span> <span class='ocrx_word' id='word_1_50' title='bbox 1180 1200 1223 1272; x_wconf 97' lang='lat' dir='ltr'>lll</span> <span class='ocrx_word' id='word_1_51' title='bbox 1241 1197 1458 1288; x_wconf 91' lang='lat' dir='ltr'>indictionis,</span> <span class='ocrx_word' id='word_1_52' title='bbox 1484 1198 1582 1291; x_wconf 82' lang='lat' dir='ltr'>regni</span> <span class='ocrx_word' id='word_1_53' title='bbox 1608 1219 1691 1271; x_wconf 89' lang='lat' dir='ltr'>vero</span> 
     </span>
     <span class='ocr_line' id='line_1_7' title="bbox 279 1320 1688 1418; baseline -0.005 -15"><span class='ocrx_word' id='word_1_54' title='bbox 279 1327 411 1403; x_wconf 90' lang='lat' dir='ltr'>domiui</span> <span class='ocrx_word' id='word_1_55' title='bbox 428 1326 535 1399; x_wconf 88' lang='lat' dir='ltr'>nostri</span> <span class='ocrx_word' id='word_1_56' title='bbox 552 1321 721 1398; x_wconf 85' lang='lat' dir='ltr'>Fredorici</span> <span class='ocrx_word' id='word_1_57' title='bbox 735 1323 797 1396; x_wconf 89' lang='lat' dir='ltr'>Dei</span> <span class='ocrx_word' id='word_1_58' title='bbox 808 1324 917 1417; x_wconf 78' lang='lat' dir='ltr'>gratia</span> <span class='ocrx_word' id='word_1_59' title='bbox 930 1323 1137 1396; x_wconf 83' lang='lat' dir='ltr'>serenissimi</span> <span class='ocrx_word' id='word_1_60' title='bbox 1155 1323 1245 1418; x_wconf 79' lang='lat' dir='ltr'>regis</span> <span class='ocrx_word' id='word_1_61' title='bbox 1260 1322 1387 1412; x_wconf 90' lang='lat' dir='ltr'>Sicilie,</span> <span class='ocrx_word' id='word_1_62' title='bbox 1398 1322 1546 1397; x_wconf 91' lang='lat' dir='ltr'>ducatus</span> <span class='ocrx_word' id='word_1_63' title='bbox 1561 1320 1688 1418; x_wconf 81' lang='lat' dir='ltr'>Apulia</span> 
     </span>
     <span class='ocr_line' id='line_1_8' title="bbox 279 1445 1280 1548; baseline -0.008 -22"><span class='ocrx_word' id='word_1_64' title='bbox 279 1460 314 1526; x_wconf 89' lang='lat' dir='ltr'>et</span> <span class='ocrx_word' id='word_1_65' title='bbox 329 1451 541 1548; x_wconf 86' lang='lat' dir='ltr'>principatus</span> <span class='ocrx_word' id='word_1_66' title='bbox 554 1448 671 1543; x_wconf 90' lang='lat' dir='ltr'>Capue</span> <span class='ocrx_word' id='word_1_67' title='bbox 684 1467 777 1520; x_wconf 91' lang='lat' dir='ltr'>auno</span> <span class='ocrx_word' id='word_1_68' title='bbox 795 1447 962 1541; x_wconf 74' lang='lat' dir='ltr'>moundc,</span> <span class='ocrx_word' id='word_1_69' title='bbox 983 1447 1135 1520; x_wconf 78' lang='lat' dir='ltr'>feliciter.</span> <span class='ocrx_word' id='word_1_70' title='bbox 1156 1445 1280 1520; x_wconf 83' lang='lat' dir='ltr'>Amen.</span> 
     </span>
    </p>

    <p class='ocr_par' dir='ltr' id='par_1_4' title="bbox 280 1569 1692 1922">
     <span class='ocr_line' id='line_1_9' title="bbox 330 1569 1692 1674; baseline -0.004 -27"><span class='ocrx_word' id='word_1_71' title='bbox 330 1571 387 1674; x_wconf 91' lang='lat' dir='ltr'>[ln</span> <span class='ocrx_word' id='word_1_72' title='bbox 401 1573 563 1648; x_wconf 85' lang='lat' dir='ltr'>eumdem</span> <span class='ocrx_word' id='word_1_73' title='bbox 577 1571 808 1645; x_wconf 85' lang='lat' dir='ltr'>verisimiliter</span> <span class='ocrx_word' id='word_1_74' title='bbox 821 1569 964 1645; x_wconf 91' lang='lat' dir='ltr'>modum</span> <span class='ocrx_word' id='word_1_75' title='bbox 978 1593 1058 1644; x_wconf 89' lang='lat' dir='ltr'>curn</span> <span class='ocrx_word' id='word_1_76' title='bbox 1073 1571 1163 1644; x_wconf 87' lang='lat' dir='ltr'>notis</span> <span class='ocrx_word' id='word_1_77' title='bbox 1178 1570 1426 1663; x_wconf 76' lang='lat' dir='ltr'>chronologicis</span> <span class='ocrx_word' id='word_1_78' title='bbox 1440 1569 1584 1660; x_wconf 86' lang='lat' dir='ltr'>eisdem,</span> <span class='ocrx_word' id='word_1_79' title='bbox 1605 1571 1692 1643; x_wconf 87' lang='lat' dir='ltr'>Tra·</span> 
     </span>
     <span class='ocr_line' id='line_1_10' title="bbox 280 1694 1691 1796; baseline -0.003 -24"><span class='ocrx_word' id='word_1_80' title='bbox 280 1700 491 1796; x_wconf 86' lang='lat' dir='ltr'>panensihus</span> <span class='ocrx_word' id='word_1_81' title='bbox 506 1696 681 1770; x_wconf 90' lang='lat' dir='ltr'>indultum</span> <span class='ocrx_word' id='word_1_82' title='bbox 701 1704 754 1770; x_wconf 83' lang='lat' dir='ltr'>est</span> <span class='ocrx_word' id='word_1_83' title='bbox 773 1695 886 1769; x_wconf 90' lang='lat' dir='ltr'>simile</span> <span class='ocrx_word' id='word_1_84' title='bbox 905 1696 1142 1792; x_wconf 78' lang='lat' dir='ltr'>privilegium,</span> <span class='ocrx_word' id='word_1_85' title='bbox 1160 1694 1256 1790; x_wconf 88' lang='lat' dir='ltr'>quod</span> <span class='ocrx_word' id='word_1_86' title='bbox 1271 1695 1318 1768; x_wconf 91' lang='lat' dir='ltr'>ita</span> <span class='ocrx_word' id='word_1_87' title='bbox 1341 1695 1377 1766; x_wconf 93' lang='lat' dir='ltr'>in</span> <span class='ocrx_word' id='word_1_88' title='bbox 1398 1694 1521 1768; x_wconf 88' lang='lat' dir='ltr'>codem</span> <span class='ocrx_word' id='word_1_89' title='bbox 1544 1695 1691 1790; x_wconf 89' lang='lat' dir='ltr'>privile-</span> 
     </span>
     <span class='ocr_line' id='line_1_11' title="bbox 282 1817 779 1922; baseline -0.016 -23"><span class='ocrx_word' id='word_1_90' title='bbox 282 1825 417 1922; x_wconf 77' lang='lat' dir='ltr'>giorum</span> <span class='ocrx_word' id='word_1_91' title='bbox 431 1824 519 1897; x_wconf 90' lang='lat' dir='ltr'>lihrc</span> <span class='ocrx_word' id='word_1_92' title='bbox 537 1821 732 1898; x_wconf 83' lang='lat' dir='ltr'>extrahitur</span> <span class='ocrx_word' id='word_1_93' title='bbox 746 1817 779 1919; x_wconf 74' lang='grc' dir='ltr'>ε]</span> 
     </span>
    </p>

    <p class='ocr_par' dir='ltr' id='par_1_5' title="bbox 280 1942 1693 2415">
     <span class='ocr_line' id='line_1_12' title="bbox 329 1942 1692 2041; baseline -0.004 -20"><span class='ocrx_word' id='word_1_94' title='bbox 329 1945 560 2022; x_wconf 87' lang='lat' dir='ltr'>Concedimus</span> <span class='ocrx_word' id='word_1_95' title='bbox 581 1944 682 2018; x_wconf 86' lang='lat' dir='ltr'>vobis</span> <span class='ocrx_word' id='word_1_96' title='bbox 701 1945 999 2041; x_wconf 87' lang='lat' dir='ltr'>Drepanensihus,</span> <span class='ocrx_word' id='word_1_97' title='bbox 1023 1944 1113 2018; x_wconf 89' lang='lat' dir='ltr'>sicut</span> <span class='ocrx_word' id='word_1_98' title='bbox 1131 1942 1425 2035; x_wconf 84' lang='lat' dir='ltr'>Messanensibus,</span> <span class='ocrx_word' id='word_1_99' title='bbox 1449 1951 1485 2015; x_wconf 89' lang='lat' dir='ltr'>et</span> <span class='ocrx_word' id='word_1_100' title='bbox 1505 1942 1692 2016; x_wconf 89' lang='lat' dir='ltr'>heredibus</span> 
     </span>
     <span class='ocr_line' id='line_1_13' title="bbox 280 2067 1692 2166; baseline -0.003 -20"><span class='ocrx_word' id='word_1_101' title='bbox 280 2073 405 2146; x_wconf 84' lang='lat' dir='ltr'>uestris</span> <span class='ocrx_word' id='word_1_102' title='bbox 420 2072 456 2143; x_wconf 96' lang='lat' dir='ltr'>in</span> <span class='ocrx_word' id='word_1_103' title='bbox 478 2079 683 2166; x_wconf 89' lang='lat' dir='ltr'>perpetuum</span> <span class='ocrx_word' id='word_1_104' title='bbox 704 2079 744 2141; x_wconf 90' lang='lat' dir='ltr'>ut</span> <span class='ocrx_word' id='word_1_105' title='bbox 768 2091 828 2164; x_wconf 93' lang='lat' dir='ltr'>per</span> <span class='ocrx_word' id='word_1_106' title='bbox 847 2076 956 2141; x_wconf 88' lang='lat' dir='ltr'>totum</span> <span class='ocrx_word' id='word_1_107' title='bbox 979 2089 1124 2162; x_wconf 80' lang='lat' dir='ltr'>regnum</span> <span class='ocrx_word' id='word_1_108' title='bbox 1143 2077 1297 2140; x_wconf 92' lang='lat' dir='ltr'>nostrum</span> <span class='ocrx_word' id='word_1_109' title='bbox 1323 2067 1358 2140; x_wconf 94' lang='lat' dir='ltr'>in</span> <span class='ocrx_word' id='word_1_110' title='bbox 1383 2068 1469 2142; x_wconf 90' lang='lat' dir='ltr'>mari</span> <span class='ocrx_word' id='word_1_111' title='bbox 1491 2078 1525 2140; x_wconf 90' lang='lat' dir='ltr'>et</span> <span class='ocrx_word' id='word_1_112' title='bbox 1543 2069 1578 2140; x_wconf 94' lang='lat' dir='ltr'>in</span> <span class='ocrx_word' id='word_1_113' title='bbox 1603 2079 1692 2143; x_wconf 89' lang='lat' dir='ltr'>terra</span> 
     </span>
     <span class='ocr_line' id='line_1_14' title="bbox 281 2191 1693 2290; baseline -0.003 -20"><span class='ocrx_word' id='word_1_114' title='bbox 281 2198 382 2270; x_wconf 91' lang='lat' dir='ltr'>liceat</span> <span class='ocrx_word' id='word_1_115' title='bbox 407 2195 508 2270; x_wconf 92' lang='lat' dir='ltr'>vobis</span> <span class='ocrx_word' id='word_1_116' title='bbox 532 2193 756 2268; x_wconf 92' lang='lat' dir='ltr'>mercimonia</span> <span class='ocrx_word' id='word_1_117' title='bbox 783 2202 819 2266; x_wconf 87' lang='lat' dir='ltr'>et</span> <span class='ocrx_word' id='word_1_118' title='bbox 845 2193 1018 2288; x_wconf 87' lang='lat' dir='ltr'>quaslibet</span> <span class='ocrx_word' id='word_1_119' title='bbox 1043 2215 1099 2266; x_wconf 88' lang='lat' dir='ltr'>res</span> <span class='ocrx_word' id='word_1_120' title='bbox 1126 2202 1257 2266; x_wconf 84' lang='lat' dir='ltr'>vostras</span> <span class='ocrx_word' id='word_1_121' title='bbox 1285 2191 1391 2266; x_wconf 87' lang='lat' dir='ltr'>libere</span> <span class='ocrx_word' id='word_1_122' title='bbox 1417 2213 1546 2290; x_wconf 88' lang='lat' dir='ltr'>ponere</span> <span class='ocrx_word' id='word_1_123' title='bbox 1567 2201 1602 2266; x_wconf 90' lang='lat' dir='ltr'>ct</span> <span class='ocrx_word' id='word_1_124' title='bbox 1625 2215 1693 2267; x_wconf 81' lang='lat' dir='ltr'>ax-</span> 
     </span>
     <span class='ocr_line' id='line_1_15' title="bbox 282 2315 1592 2415; baseline -0.005 -19"><span class='ocrx_word' id='word_1_125' title='bbox 282 2321 417 2396; x_wconf 87' lang='lat' dir='ltr'>trahere</span> <span class='ocrx_word' id='word_1_126' title='bbox 432 2329 467 2394; x_wconf 91' lang='lat' dir='ltr'>et</span> <span class='ocrx_word' id='word_1_127' title='bbox 483 2341 563 2393; x_wconf 90' lang='lat' dir='ltr'>cum</span> <span class='ocrx_word' id='word_1_128' title='bbox 579 2319 710 2394; x_wconf 87' lang='lat' dir='ltr'>eisdam</span> <span class='ocrx_word' id='word_1_129' title='bbox 728 2319 855 2392; x_wconf 86' lang='lat' dir='ltr'>intrare</span> <span class='ocrx_word' id='word_1_130' title='bbox 871 2319 977 2392; x_wconf 87' lang='lat' dir='ltr'>libero</span> <span class='ocrx_word' id='word_1_131' title='bbox 994 2319 1120 2415; x_wconf 88' lang='lat' dir='ltr'>pariter</span> <span class='ocrx_word' id='word_1_132' title='bbox 1133 2327 1167 2391; x_wconf 89' lang='lat' dir='ltr'>et</span> <span class='ocrx_word' id='word_1_133' title='bbox 1182 2319 1280 2390; x_wconf 87' lang='lat' dir='ltr'>exiro</span> <span class='ocrx_word' id='word_1_134' title='bbox 1298 2315 1363 2414; x_wconf 84' lang='lat' dir='ltr'>(l).</span> <span class='ocrx_word' id='word_1_135' title='bbox 1385 2371 1393 2389; x_wconf 92' lang='lat'><strong>.</strong></span> <span class='ocrx_word' id='word_1_136' title='bbox 1416 2371 1424 2390; x_wconf 93' lang='lat'><strong>.</strong></span> <span class='ocrx_word' id='word_1_137' title='bbox 1449 2373 1458 2390; x_wconf 93' lang='lat'><strong>.</strong></span> <span class='ocrx_word' id='word_1_138' title='bbox 1581 2357 1592 2378; x_wconf 60' lang='grc' dir='ltr'><strong><em>ο</em></strong></span> 
     </span>
    </p>

    <p class='ocr_par' dir='ltr' id='par_1_6' title="bbox 283 2443 1695 2667">
     <span class='ocr_line' id='line_1_16' title="bbox 330 2443 1695 2542; baseline -0.002 -22"><span class='ocrx_word' id='word_1_139' title='bbox 330 2450 454 2520; x_wconf 87' lang='lat' dir='ltr'>Datum</span> <span class='ocrx_word' id='word_1_140' title='bbox 476 2445 512 2516; x_wconf 94' lang='lat' dir='ltr'>in</span> <span class='ocrx_word' id='word_1_141' title='bbox 537 2445 625 2517; x_wconf 92' lang='lat' dir='ltr'>urbe</span> <span class='ocrx_word' id='word_1_142' title='bbox 645 2444 805 2518; x_wconf 86' lang='lat' dir='ltr'>Panormi</span> <span class='ocrx_word' id='word_1_143' title='bbox 824 2465 886 2540; x_wconf 91' lang='lat' dir='ltr'>per</span> <span class='ocrx_word' id='word_1_144' title='bbox 906 2465 1030 2518; x_wconf 89' lang='lat' dir='ltr'>manus</span> <span class='ocrx_word' id='word_1_145' title='bbox 1050 2443 1214 2518; x_wconf 86' lang='lat' dir='ltr'>Gualterii</span> <span class='ocrx_word' id='word_1_146' title='bbox 1233 2443 1441 2518; x_wconf 82' lang='lat' dir='ltr'>venerahilis</span> <span class='ocrx_word' id='word_1_147' title='bbox 1456 2444 1592 2537; x_wconf 80' lang='lat' dir='ltr'>Trojani</span> <span class='ocrx_word' id='word_1_148' title='bbox 1614 2446 1695 2542; x_wconf 86' lang='lat' dir='ltr'>epi-</span> 
     </span>
     <span class='ocr_line' id='line_1_17' title="bbox 283 2565 1129 2667; baseline -0.006 -21"><span class='ocrx_word' id='word_1_149' title='bbox 283 2573 395 2667; x_wconf 86' lang='lat' dir='ltr'>scopi,</span> <span class='ocrx_word' id='word_1_150' title='bbox 414 2570 511 2665; x_wconf 75' lang='lat' dir='ltr'>regni</span> <span class='ocrx_word' id='word_1_151' title='bbox 525 2569 736 2662; x_wconf 88' lang='lat' dir='ltr'>cancellarii,</span> <span class='ocrx_word' id='word_1_152' title='bbox 758 2565 889 2666; x_wconf 92' lang='lat' dir='ltr'>[anno]</span> <span class='ocrx_word' id='word_1_153' title='bbox 909 2569 1129 2644; x_wconf 85' lang='lat' dir='ltr'>MCXCVllll.</span> 
     </span>
    </p>
   </div>
   <div class='ocr_carea' id='block_1_3' title="bbox 865 2907 1121 2920">
    <p class='ocr_par' dir='ltr' id='par_1_7' title="bbox 865 2907 1121 2920">
     <span class='ocr_line' id='line_1_18' title="bbox 865 2907 1121 2920; baseline -0.004 -3"><span class='ocrx_word' id='word_1_154' title='bbox 865 2907 1121 2920; x_wconf 73' lang='lat'><em>—--.-——</em></span> 
     </span>
    </p>
   </div>
   <div class='ocr_carea' id='block_1_4' title="bbox 687 3233 1303 3298">
    <p class='ocr_par' dir='ltr' id='par_1_8' title="bbox 687 3233 1303 3298">
     <span class='ocr_line' id='line_1_19' title="bbox 687 3233 1303 3298; baseline 0.005 -3"><span class='ocrx_word' id='word_1_155' title='bbox 687 3234 800 3297; x_wconf 76' lang='lat' dir='ltr'>attho</span> <span class='ocrx_word' id='word_1_156' title='bbox 826 3233 925 3296; x_wconf 77' lang='lat'><strong>1200.</strong></span> <span class='ocrx_word' id='word_1_157' title='bbox 948 3267 988 3282; x_wconf 92' lang='lat'><em>-</em></span> <span class='ocrx_word' id='word_1_158' title='bbox 1008 3233 1250 3296; x_wconf 74' lang='lat' dir='ltr'>ltthtcttohth</span> <span class='ocrx_word' id='word_1_159' title='bbox 1275 3233 1303 3298; x_wconf 82' lang='grc'>3.</span> 
     </span>
    </p>
   </div>
   <div class='ocr_carea' id='block_1_5' title="bbox 771 3542 1222 3575">
    <p class='ocr_par' dir='ltr' id='par_1_9' title="bbox 771 3542 1222 3575">
     <span class='ocr_line' id='line_1_20' title="bbox 771 3542 1222 3575; baseline 0.004 -11"><span class='ocrx_word' id='word_1_160' title='bbox 771 3542 1222 3575; x_wconf 45' lang='grc' dir='ltr'>...Φ-...-</span> 
     </span>
    </p>
   </div>
   <div class='ocr_carea' id='block_1_6' title="bbox 288 3823 1885 4210">
    <p class='ocr_par' dir='ltr' id='par_1_10' title="bbox 288 3823 1885 4210">
     <span class='ocr_line' id='line_1_21' title="bbox 340 3823 1885 3948; baseline 0.008 -40"><span class='ocrx_word' id='word_1_161' title='bbox 340 3823 581 3912; x_wconf 83' lang='lat' dir='ltr'>Innocentius</span> <span class='ocrx_word' id='word_1_162' title='bbox 590 3853 689 3938; x_wconf 88' lang='lat' dir='ltr'>papa</span> <span class='ocrx_word' id='word_1_163' title='bbox 700 3828 886 3912; x_wconf 87' lang='lat' dir='ltr'>universis</span> <span class='ocrx_word' id='word_1_164' title='bbox 897 3829 937 3912; x_wconf 94' lang='lat' dir='ltr'>in</span> <span class='ocrx_word' id='word_1_165' title='bbox 946 3855 1065 3943; x_wconf 85' lang='lat' dir='ltr'>regnu</span> <span class='ocrx_word' id='word_1_166' title='bbox 1079 3831 1228 3915; x_wconf 87' lang='lat' dir='ltr'>Siciliae</span> <span class='ocrx_word' id='word_1_167' title='bbox 1240 3833 1588 3918; x_wconf 88' lang='lat' dir='ltr'>constitutisdenuo</span> <span class='ocrx_word' id='word_1_168' title='bbox 1597 3863 1704 3919; x_wconf 90' lang='lat' dir='ltr'>nun·</span> <span class='ocrx_word' id='word_1_169' title='bbox 1750 3847 1885 3948; x_wconf 54' lang='lat' dir='ltr'>,iffi</span> 
     </span>
     <span class='ocr_line' id='line_1_22' title="bbox 288 3957 1702 4079; baseline 0.008 -38"><span class='ocrx_word' id='word_1_170' title='bbox 288 3957 357 4042; x_wconf 87' lang='lat' dir='ltr'>tiat</span> <span class='ocrx_word' id='word_1_171' title='bbox 369 3985 410 4043; x_wconf 88' lang='lat' dir='ltr'>sc</span> <span class='ocrx_word' id='word_1_172' title='bbox 430 3961 637 4072; x_wconf 89' lang='lat' dir='ltr'>Cynthium</span> <span class='ocrx_word' id='word_1_173' title='bbox 656 3962 784 4046; x_wconf 87' lang='lat' dir='ltr'>Sancti</span> <span class='ocrx_word' id='word_1_174' title='bbox 801 3963 992 4046; x_wconf 89' lang='lat' dir='ltr'>Laurentii</span> <span class='ocrx_word' id='word_1_175' title='bbox 1009 3965 1049 4046; x_wconf 93' lang='lat' dir='ltr'>in</span> <span class='ocrx_word' id='word_1_176' title='bbox 1067 3964 1210 4049; x_wconf 91' lang='lat' dir='ltr'>Lucina</span> <span class='ocrx_word' id='word_1_177' title='bbox 1227 3967 1490 4079; x_wconf 86' lang='lat' dir='ltr'>presbyterum</span> <span class='ocrx_word' id='word_1_178' title='bbox 1517 3971 1702 4053; x_wconf 89' lang='lat' dir='ltr'>cardina-</span> 
     </span>
     <span class='ocr_line' id='line_1_23' title="bbox 288 4090 1702 4210; baseline 0.012 -38"><span class='ocrx_word' id='word_1_179' title='bbox 288 4090 389 4199; x_wconf 87' lang='lat' dir='ltr'>lem,</span> <span class='ocrx_word' id='word_1_180' title='bbox 409 4092 700 4204; x_wconf 88' lang='lat' dir='ltr'>Neapolitanum</span> <span class='ocrx_word' id='word_1_181' title='bbox 717 4105 755 4178; x_wconf 91' lang='lat' dir='ltr'>et</span> <span class='ocrx_word' id='word_1_182' title='bbox 772 4095 1018 4181; x_wconf 85' lang='lat' dir='ltr'>Tarentinum</span> <span class='ocrx_word' id='word_1_183' title='bbox 1037 4099 1336 4210; x_wconf 90' lang='lat' dir='ltr'>archiepiscopos</span> <span class='ocrx_word' id='word_1_184' title='bbox 1354 4109 1391 4184; x_wconf 88' lang='lat' dir='ltr'>ct</span> <span class='ocrx_word' id='word_1_185' title='bbox 1408 4101 1591 4186; x_wconf 89' lang='lat' dir='ltr'>lacobum</span> <span class='ocrx_word' id='word_1_186' title='bbox 1610 4131 1702 4189; x_wconf 89' lang='lat' dir='ltr'>ma-</span> 
     </span>
    </p>
   </div>
   <div class='ocr_carea' id='block_1_7' title="bbox 261 4225 1704 4324">
    <p class='ocr_par' dir='ltr' id='par_1_11' title="bbox 261 4225 1704 4324">
     <span class='ocr_line' id='line_1_24' title="bbox 261 4225 1704 4324; baseline 0.01 -17"><span class='ocrx_word' id='word_1_187' title='bbox 261 4321 263 4324; x_wconf 23' lang='lat'>·</span> <span class='ocrx_word' id='word_1_188' title='bbox 290 4225 500 4311; x_wconf 85' lang='lat' dir='ltr'>rcscalcum</span> <span class='ocrx_word' id='word_1_189' title='bbox 519 4255 632 4312; x_wconf 91' lang='lat' dir='ltr'>suum</span> <span class='ocrx_word' id='word_1_190' title='bbox 655 4256 744 4314; x_wconf 93' lang='lat' dir='ltr'>cum</span> <span class='ocrx_word' id='word_1_191' title='bbox 775 4229 935 4315; x_wconf 82' lang='lat' dir='ltr'>exfortio</span> <span class='ocrx_word' id='word_1_192' title='bbox 962 4231 1127 4315; x_wconf 90' lang='lat' dir='ltr'>militum</span> <span class='ocrx_word' id='word_1_193' title='bbox 1153 4234 1193 4314; x_wconf 92' lang='lat' dir='ltr'>in</span> <span class='ocrx_word' id='word_1_194' title='bbox 1223 4233 1392 4318; x_wconf 89' lang='lat' dir='ltr'>Siciliam</span> <span class='ocrx_word' id='word_1_195' title='bbox 1417 4237 1627 4320; x_wconf 88' lang='lat' dir='ltr'>destinasse</span> <span class='ocrx_word' id='word_1_196' title='bbox 1654 4239 1704 4321; x_wconf 91' lang='lat' dir='ltr'>ad</span> 
     </span>
    </p>
   </div>
   <div class='ocr_carea' id='block_1_8' title="bbox 294 4405 446 4418">
    <p class='ocr_par' dir='ltr' id='par_1_12' title="bbox 294 4405 446 4418">
     <span class='ocr_line' id='line_1_25' title="bbox 294 4405 446 4418; baseline 0.007 -1"><span class='ocrx_word' id='word_1_197' title='bbox 294 4405 446 4418; x_wconf 47' lang='grc' dir='ltr'>ὴ</span> 
     </span>
    </p>
   </div>
   <div class='ocr_carea' id='block_1_9' title="bbox 291 4519 1705 4890">
    <p class='ocr_par' dir='ltr' id='par_1_13' title="bbox 291 4519 1705 4873">
     <span class='ocr_line' id='line_1_26' title="bbox 327 4519 1703 4608; baseline 0.012 -32"><span class='ocrx_word' id='word_1_198' title='bbox 327 4519 363 4592; x_wconf 82' lang='lat' dir='ltr'>(t)</span> <span class='ocrx_word' id='word_1_199' title='bbox 382 4521 459 4580; x_wconf 88' lang='lat' dir='ltr'>Unde</span> <span class='ocrx_word' id='word_1_200' title='bbox 472 4521 570 4598; x_wconf 85' lang='lat' dir='ltr'>liquat,</span> <span class='ocrx_word' id='word_1_201' title='bbox 583 4522 653 4581; x_wconf 88' lang='lat' dir='ltr'>sicut</span> <span class='ocrx_word' id='word_1_202' title='bbox 663 4530 691 4582; x_wconf 87' lang='lat' dir='ltr'>ct</span> <span class='ocrx_word' id='word_1_203' title='bbox 707 4540 741 4582; x_wconf 84' lang='lat' dir='ltr'>ex</span> <span class='ocrx_word' id='word_1_204' title='bbox 760 4523 819 4582; x_wconf 88' lang='lat' dir='ltr'>aliia</span> <span class='ocrx_word' id='word_1_205' title='bbox 839 4524 1022 4598; x_wconf 84' lang='lat' dir='ltr'>documentis,</span> <span class='ocrx_word' id='word_1_206' title='bbox 1038 4527 1223 4602; x_wconf 86' lang='lat' dir='ltr'>Trapanenses</span> <span class='ocrx_word' id='word_1_207' title='bbox 1236 4529 1340 4588; x_wconf 86' lang='lat' dir='ltr'>eisdem</span> <span class='ocrx_word' id='word_1_208' title='bbox 1354 4530 1594 4589; x_wconf 87' lang='lat' dir='ltr'>consuetudinibus</span> <span class='ocrx_word' id='word_1_209' title='bbox 1609 4539 1637 4591; x_wconf 85' lang='lat' dir='ltr'>et</span> <span class='ocrx_word' id='word_1_210' title='bbox 1649 4534 1703 4608; x_wconf 93' lang='lat' dir='ltr'>pri·</span> 
     </span>
     <span class='ocr_line' id='line_1_27' title="bbox 291 4616 1705 4704; baseline 0.013 -33"><span class='ocrx_word' id='word_1_211' title='bbox 291 4616 396 4690; x_wconf 81' lang='lat' dir='ltr'>vilogiis</span> <span class='ocrx_word' id='word_1_212' title='bbox 408 4619 511 4678; x_wconf 83' lang='lat' dir='ltr'>eisdem</span> <span class='ocrx_word' id='word_1_213' title='bbox 524 4625 588 4678; x_wconf 83' lang='lat' dir='ltr'>hinc</span> <span class='ocrx_word' id='word_1_214' title='bbox 606 4622 733 4696; x_wconf 87' lang='lat' dir='ltr'>temporis</span> <span class='ocrx_word' id='word_1_215' title='bbox 752 4621 805 4679; x_wconf 88' lang='lat' dir='ltr'>lrui</span> <span class='ocrx_word' id='word_1_216' title='bbox 819 4625 919 4698; x_wconf 84' lang='lat' dir='ltr'>quihus</span> <span class='ocrx_word' id='word_1_217' title='bbox 941 4625 992 4700; x_wconf 90' lang='lat' dir='ltr'>ipsi</span> <span class='ocrx_word' id='word_1_218' title='bbox 1013 4627 1211 4696; x_wconf 72' lang='lat' dir='ltr'>Mammenses,</span> <span class='ocrx_word' id='word_1_219' title='bbox 1234 4645 1319 4701; x_wconf 83' lang='lat' dir='ltr'>quum</span> <span class='ocrx_word' id='word_1_220' title='bbox 1335 4631 1390 4701; x_wconf 81' lang='lat' dir='ltr'>J&#39;am</span> <span class='ocrx_word' id='word_1_221' title='bbox 1408 4636 1472 4688; x_wconf 89' lang='lat' dir='ltr'>aute</span> <span class='ocrx_word' id='word_1_222' title='bbox 1487 4646 1599 4704; x_wconf 82' lang='lat' dir='ltr'>rognum</span> <span class='ocrx_word' id='word_1_223' title='bbox 1615 4633 1705 4690; x_wconf 85' lang='lat' dir='ltr'>Frida-</span> 
     </span>
     <span class='ocr_line' id='line_1_28' title="bbox 292 4715 1596 4873; baseline 0.01 -100"><span class='ocrx_word' id='word_1_224' title='bbox 292 4715 340 4773; x_wconf 87' lang='lat' dir='ltr'>rici</span> <span class='ocrx_word' id='word_1_225' title='bbox 348 4717 459 4873; x_wconf 70' lang='lat' dir='ltr'>sepundi</span> <span class='ocrx_word' id='word_1_226' title='bbox 474 4719 545 4778; x_wconf 88' lang='lat' dir='ltr'>inter</span> <span class='ocrx_word' id='word_1_227' title='bbox 557 4719 607 4780; x_wconf 84' lang='lat' dir='ltr'>has</span> <span class='ocrx_word' id='word_1_228' title='bbox 618 4719 687 4779; x_wconf 86' lang='lat' dir='ltr'>duas</span> <span class='ocrx_word' id='word_1_229' title='bbox 697 4719 821 4783; x_wconf 69' lang='lat' dir='ltr'>acutae</span> <span class='ocrx_word' id='word_1_230' title='bbox 833 4721 926 4781; x_wconf 85' lang='lat' dir='ltr'>loedus</span> <span class='ocrx_word' id='word_1_231' title='bbox 940 4739 990 4798; x_wconf 92' lang='lat' dir='ltr'>pro</span> <span class='ocrx_word' id='word_1_232' title='bbox 1001 4725 1155 4782; x_wconf 88' lang='lat' dir='ltr'>commercii</span> <span class='ocrx_word' id='word_1_233' title='bbox 1167 4725 1249 4784; x_wconf 86' lang='lat' dir='ltr'>robus</span> <span class='ocrx_word' id='word_1_234' title='bbox 1260 4725 1356 4786; x_wconf 89' lang='lat' dir='ltr'>initum</span> <span class='ocrx_word' id='word_1_235' title='bbox 1369 4727 1453 4788; x_wconf 78' lang='lat' dir='ltr'>fuisso</span> <span class='ocrx_word' id='word_1_236' title='bbox 1464 4729 1596 4788; x_wconf 86' lang='lat' dir='ltr'>videatur.</span> 
     </span>
    </p>

    <p class='ocr_par' dir='ltr' id='par_1_14' title="bbox 389 4837 1544 4890">
     <span class='ocr_line' id='line_1_29' title="bbox 389 4837 1544 4890; baseline 0.01 -11"><span class='ocrx_word' id='word_1_237' title='bbox 389 4859 399 4879; x_wconf 88' lang='lat'><strong>.</strong></span> <span class='ocrx_word' id='word_1_238' title='bbox 1527 4837 1544 4890; x_wconf 86' lang='grc'>6</span> 
     </span>
    </p>
   </div>
   <div class='ocr_carea' id='block_1_10' title="bbox 0 0 2244 5940">
    <p class='ocr_par' dir='ltr' id='par_1_15' title="bbox 0 0 2244 5940">
     <span class='ocr_line' id='line_1_30' title="bbox 0 0 2244 5940; baseline 0 0"><span class='ocrx_word' id='word_1_239' title='bbox 0 0 2244 5940; x_wconf 95' lang='lat' dir='ltr'> </span> 
     </span>
    </p>
   </div>
  </div>
 </body>
</html>
