4382 5946
290 559 390 621 lunum.
404 553 447 633 3]
736 547 933 610 HISTORIA
955 544 1249 608 utttottttttctt.
1639 539 1701 602 stt
1772 584 1774 588 -

405 703 563 760 ramnus,
581 682 822 766 Hamtorptrcte
842 680 1130 760 eructantem.
1148 691 1224 756 ott,
1238 688 1272 742 n⁰
1284 677 1452 752 cccxcn,
1471 677 1523 738 scd
1542 693 1604 738 non
1620 675 1698 736 tnte-
1782 664 1789 678 '

405 811 493 874 grum
506 792 654 856 exhlbnlt.
665 792 786 854 Librum
795 790 968 865 llnltleldlt,
983 789 1039 852 snb
1052 789 1139 851 tltnlo
1151 784 1346 848 banrurcttr
1355 786 1427 872 ripis
1436 782 1632 860 Kroenciclte,
1647 783 1699 845 ubl

405 903 592 982 prtvtleglnm
605 916 724 978 quoque
735 900 885 972 ineuntur,
901 899 1029 976 reperlre
1042 912 1103 958 non
1116 893 1289 974 potulmuu.)

196 1161 199 1170 ,
337 1085 529 1160 Fridericns
547 1087 669 1160 divina
687 1088 823 1160 lavante
837 1086 1017 1160 clementia
1030 1087 1261 1159 Romanorum
1275 1105 1365 1176 rex,
1381 1103 1517 1177 semper
1530 1087 1700 1174 angustus

290 1221 323 1285 et
345 1233 409 1284 rex
434 1211 559 1284 Sicilie.
581 1212 751 1296 Quoniam
776 1212 889 1283 omnis
913 1209 1022 1305 gloria
1045 1210 1232 1302 majestatis
1258 1217 1404 1302 auguste
1431 1205 1478 1279 ed
1504 1205 1700 1298 augendam

290 1336 494 1410 universalis
527 1335 671 1408 ecclesie
696 1356 818 1430 pacem
850 1334 963 1407 modis
992 1333 1153 1406 omnihus
1182 1333 1357 1406 elaborare
1389 1339 1540 1420 tenetur,
1569 1328 1699 1402 idcirco

289 1458 390 1530 nobis
406 1457 526 1532 divina
543 1459 708 1552 largiente
722 1458 901 1531 clementia
920 1456 967 1530 ad
985 1465 1166 1552 paternum
1184 1465 1288 1550 atque
1304 1457 1496 1528 Romanum
1515 1453 1699 1548 imperinm

289 1581 558 1656 ascendentibus
579 1583 730 1678 primum
756 1593 791 1654 et
810 1582 1026 1678 potissimum
1050 1581 1230 1654 consilium
1249 1581 1314 1652 luit
1331 1601 1411 1652 cum
1428 1577 1553 1651 vicinis
1578 1599 1699 1673 paoem

291 1704 426 1779 firmare
450 1707 611 1802 regibus,
633 1717 673 1778 ut
694 1728 820 1802 sponsa
835 1705 959 1778 Christi
978 1705 1121 1778 ecclesia
1146 1726 1209 1798 pro
1237 1707 1336 1797 quns
1363 1703 1566 1776 defensione
1583 1702 1700 1797 gladio

292 1830 434 1921 utimur,
444 1831 598 1926 ipsorum
612 1831 849 1926 cooperatione
864 1830 901 1901 in
915 1828 1041 1901 diebus
1057 1828 1182 1901 nostris
1200 1828 1383 1922 tranquilla
1393 1849 1529 1923 semper
1543 1849 1628 1922 pace
1645 1829 1700 1902 le-

291 1961 393 2025 tetur.
411 1947 523 2047 Hujus
546 1955 595 2026 rei
620 1954 730 2048 gratia
751 1975 831 2026 cnm
853 1952 977 2026 dilecto
999 1951 1101 2024 nobis
1128 1951 1268 2024 domino
1282 1950 1500 2023 Waldemaro
1522 1954 1696 2024 Danorum

290 2098 372 2172 rege
386 2078 668 2151 christianissimo
680 2087 864 2175 perpetuas
877 2087 912 2148 et
924 2076 1140 2149 inviolabiles
1154 2074 1331 2147 firmanum
1342 2075 1523 2163 amicitias,
1539 2075 1642 2170 eique
1654 2075 1699 2149 de

291 2203 433 2275 consilio
451 2212 485 2276 et
501 2225 671 2275 consensu
687 2203 880 2298 principum
898 2201 1041 2273 Romani
1059 2199 1209 2295 imperii,
1225 2222 1287 2296 pro
1299 2221 1385 2296 pace
1399 2200 1453 2273 sni
1467 2199 1565 2294 regni
1580 2209 1700 2274 custo-

292 2327 419 2402 dienda
437 2339 472 2401 et
487 2329 644 2400 hostibus
663 2328 768 2400 nostri
790 2325 925 2422 imperii
944 2325 1184 2412 cohercendis,
1202 2346 1322 2397 omnes
1352 2325 1515 2397 terminos
1537 2325 1625 2397 ultra
1643 2325 1699 2397 lll-

292 2451 419 2525 danam
433 2451 481 2546 (a)
500 2463 534 2524 et
547 2451 682 2524 Albiam
699 2453 852 2524 Romano
867 2451 1049 2550 attinentes
1067 2449 1209 2545 imperio
1226 2470 1314 2542 quos
1329 2470 1393 2520 rex
1409 2448 1566 2520 Kanutus
1583 2449 1701 2522 multis

291 2585 495 2672 pmvocatns
511 2577 645 2668 injuriis
661 2597 741 2647 cum
760 2576 862 2649 fratre
879 2597 943 2648 sno
959 2573 1125 2668 jamdicto
1139 2571 1358 2646 Waldemaro
1375 2573 1479 2645 armis
1501 2571 1649 2666 optinuit
1666 2581 1701 2644 et

290 2697 444 2794 possedit
461 2709 494 2771 et
508 2697 675 2793 quicquid
693 2697 730 2769 in
746 2697 881 2771 Solavia
900 2719 963 2770 rex
981 2697 1139 2769 Kanutus
1159 2704 1393 2790 comparatum
1412 2703 1553 2789 paterno
1567 2715 1700 2789 suoque

289 2824 406 2896 labore
424 2823 548 2912 tenuit,
567 2845 673 2916 regno
687 2823 797 2918 ipsius
816 2821 980 2896 addimus
998 2823 1194 2915 tactumque
1213 2819 1380 2915 presentis
1404 2818 1572 2914 privilegii
1593 2819 1699 2892 nostri

290 2949 492 3022 auctoritate
518 2957 552 3021 et
581 2947 773 3042 sigillorum
806 2947 1047 3042 principalium
1076 2945 1160 3040 (ric)
1186 2945 1413 3040 impressione
1442 2941 1695 3017 confirmamus.

290 3071 413 3142 Nullus
435 3093 518 3167 ergo
533 3093 770 3144 successorum
786 3079 979 3144 nostrorum
1002 3071 1059 3143 vel
1075 3069 1267 3164 principum
1284 3069 1425 3141 llomani
1444 3067 1580 3162 imperii
1596 3089 1702 3164 snper
1794 3101 1795 3104 ¹

290 3195 454 3292 predictis
481 3217 524 3269 eo
550 3195 647 3289 quod
674 3193 859 3290 aliqnando
889 3193 1033 3289 imperio
1060 3193 1206 3285 subjecti
1226 3191 1274 3288 (h)
1301 3191 1446 3280 fuerint,
1475 3199 1702 3265 memoratum

292 3321 471 3394 dominnm
491 3319 750 3394 Waldemarnm
772 3341 888 3413 regem
906 3318 1166 3391 dilectissimum
1197 3316 1302 3390 armis
1325 3317 1382 3389 vel
1405 3316 1629 3411 querimoniis
1647 3317 1701 3388 in·

291 3444 437 3538 qnietet,
456 3444 539 3539 quia
560 3465 630 3516 non
648 3443 761 3516 solum
780 3442 816 3514 in
842 3442 936 3531 istis,
954 3441 1018 3515 sed
1040 3441 1143 3515 etiam
1162 3441 1198 3512 in
1216 3440 1312 3514 omni
1327 3461 1431 3514 cansa
1448 3449 1483 3513 et
1499 3440 1701 3515 necessitate

290 3579 408 3642 contra
423 3589 560 3642 omnem
574 3587 774 3663 personam,
790 3567 887 3640 salva
904 3566 1002 3639 Sedis
1014 3563 1209 3662 Apostolice
1224 3565 1433 3657 reverentia,
1450 3565 1501 3638 sio
1513 3565 1547 3639 ei
1562 3587 1702 3663 semper

290 3690 412 3764 adesse
427 3691 623 3783 statuimus,
645 3691 736 3764 sicut
753 3713 834 3765 eum
853 3691 954 3762 nobis
972 3699 1006 3763 et
1029 3691 1155 3764 nostris
1174 3691 1319 3786 negotiis
1336 3689 1525 3763 affuturum
1546 3712 1615 3765 non
1636 3689 1701 3764 dn·

289 3811 468 3908 hitamns(¹
492 3812 520 3909 ).

339 3940 448 4032 Hujus
465 3938 515 4010 rei
539 3947 642 4011 testes
659 3949 740 4010 sunt
758 3965 766 4010 ε
786 3939 934 4012 Sitridus
952 3937 1224 4032 Moguntinensis
1249 3937 1527 4034 archiepiscopus
1546 3946 1581 4009 et
1601 3936 1701 4010 Sedis

332 4137 375 4221 (c)
394 4143 451 4218 hp.
466 4140 572 4204 Scheld
583 4147 614 4200 ct
626 4139 760 4202 llultleld
773 4139 931 4217 Eidcrum,
944 4142 1036 4214 mule3
1051 4144 1109 4204 ntsl
1119 4147 1218 4203 tumen
1237 4144 1276 4203 stt
1288 4137 1394 4220 Eydcr.

331 4245 371 4326 (h)
393 4247 576 4309 subantttur
587 4263 646 4308 vox
661 4247 788 4308 mmet.

324 4613 359 4686 (t)
377 4614 419 4672 Ab
433 4615 496 4672 inde
508 4616 580 4674 enim
592 4617 780 4675 waldemarus
793 4615 936 4673 fortissime
950 4613 1082 4674 Othonem
1095 4621 1125 4672 et
1138 4614 1255 4676 lautores
1266 4617 1324 4690 ejus
1336 4616 1515 4692 impugnavit,
1529 4617 1697 4692 peculiariter

286 4710 355 4769 circa
368 4715 565 4786 possessionem
578 4715 713 4774 stadensis
724 4714 850 4772 civitatis.
863 4713 904 4771 Cl.
915 4713 1033 4770 busur.
1042 4713 1124 4772 Srun.
1141 4714 1174 4772 ad
1186 4731 1247 4772 ann.
1260 4717 1338 4772 tttt.
