4334 5980
231 545 329 606 tonica
349 536 390 624 l.]
677 536 874 598 HISTORIA
898 532 1192 597 lllPLOlld'l'lCll.
1579 533 1641 594 22⁷

230 670 649 783 cumpraedeoessores.
663 669 789 754 Gonu.
803 669 966 777 Annon,
983 673 1077 751 Gest.
1090 665 1189 747 Pbit.
1202 668 1369 774 loquat,
1385 688 1447 774 ap.
1460 663 1639 776 Booooar,

232 820 262 896 t.
278 807 397 916 XVII,
416 833 456 915 p.
478 805 544 887 85.

291 1318 524 1427 Fridericus,
542 1317 801 1400 Romanorum
832 1315 1037 1423 imperator
1061 1314 1202 1398 electus
1219 1324 1256 1398 et
1277 1341 1342 1397 rex
1365 1315 1537 1420 Siciliae,
1557 1339 1647 1398 cunr
1671 1333 1852 1438 pgfflffi.

238 1452 414 1564 Philippo
428 1453 663 1536 Francorum
676 1476 765 1562 rege
777 1449 894 1533 talem
911 1448 982 1531 init
998 1447 1377 1556 confoederationem,
1390 1449 1530 1533 scilicet
1542 1451 1648 1560 quod

237 1613 331 1670 oum
359 1587 510 1672 Othone
536 1586 636 1668 dicto
667 1585 916 1694 imperatore,
945 1581 1114 1668 lobanne
1140 1607 1229 1692 rege
1256 1583 1416 1694 Angliae
1441 1609 1652 1694 eorumque

238 1719 531 1803 auxiliatoribus
549 1717 760 1801 manilestis
778 1716 926 1800 nullam
943 1715 1055 1801 faciet
1071 1741 1204 1836 pacem
1218 1715 1299 1800 sine
1312 1742 1470 1800 assensu
1483 1715 1653 1830 ejusdem

241 1853 344 1964 regis
362 1852 610 1936 Francorum.

325 2095 457 2172 (Fdfdcr.
466 2095 621 2168 Bononrr,
632 2089 803 2155 neaman
812 2091 1069 2167 Hermaxvss,
1079 2109 1110 2170 p.
1121 2101 1171 2168 85,
1181 2097 1246 2155 not.
1255 2091 1493 2169 o-Mmaaa,
1507 2089 1578 2154 Coll.
1589 2111 1655 2154 am-

361 2199 457 2282 pli-rc,
472 2208 497 2264 t.
510 2203 581 2280 I,p.
596 2199 993 2282 fttt.-Scanm,0ri9in.
1007 2196 1111 2280 Gucffl,
1125 2206 1146 2261 t
1162 2199 1223 2274 111,
1236 2217 1268 2278 p.
1280 2209 1392 2263 tta-
1400 2201 1513 2273 Panrz,
1523 2200 1656 2261 Monam.

366 2307 445 2370 Birt.
462 2305 569 2382 Gerra,
584 2313 608 2368 t.
627 2306 681 2382 IV,
694 2324 725 2386 p.
741 2315 815 2384 ²²³3
830 2307 894 2368 coll.
918 2323 987 2370 cum
1001 2307 1101 2370 confoe
1114 2307 1195 2368 dtcto
1216 2303 1346 2369 Clortnl
1366 2304 1401 2366 dc
1413 2303 1656 2389 mppr-Auo,

368 2413 420 2475 fol.
434 2423 490 2476 125
509 2412 614 2494 recto.)

298 2625 499 2700 Fredericus
510 2629 572 2700 Dei
586 2627 695 2721 gratia
707 2629 938 2702 Romanorum
947 2627 1131 2723 imperator
1141 2627 1272 2699 electus
1285 2634 1319 2698 et
1333 2647 1467 2721 semper
1476 2633 1658 2720 augustus,

249 2771 314 2824 rex
329 2749 457 2844 Sicilie,
472 2750 620 2824 ducatus
637 2750 765 2848 Apulia
779 2762 815 2824 et
828 2751 1041 2848 principatus
1058 2751 1317 2848 Capue.Notom
1332 2750 1476 2824 facimus
1489 2749 1664 2822 universis

249 2883 446 2972 presentem
465 2876 628 2972 paginam
645 2876 850 2972 inspecturis
868 2877 963 2972 qnod
982 2897 1045 2950 nos
1062 2886 1200 2973 propter
1219 2884 1375 2948 mutuam
1392 2875 1611 2948 dilectionem
1629 2881 1664 2948 et

248 2997 565 3074 confederationem
583 3023 688 3096 quam
706 3001 907 3096 karissimus
924 3001 1028 3074 freter
1048 3015 1163 3074 noster
1178 3000 1357 3096 Philippus
1379 3000 1584 3072 Francorum
1599 3019 1665 3071 rex

253 3123 395 3196 illustris
412 3124 536 3198 habuit
551 3125 597 3198 ad
613 3126 847 3222 progenitores
865 3136 999 3199 nostros
1016 3127 1187 3199 Romanos
1207 3127 1446 3222 imperatores,
1465 3125 1665 3198 confedera-

254 3247 383 3320 tionem
401 3271 481 3322 cum
504 3249 629 3324 eodem
648 3251 805 3347 Philippo
826 3273 909 3344 rege
924 3249 1131 3324 Francorum
1146 3250 1312 3323 inivimus
1328 3249 1364 3321 in
1380 3249 1473 3322 hunc
1491 3247 1633 3322 modum
1651 3275 1660 3319 ε

254 3369 352 3466 quod
368 3393 431 3446 nos
445 3394 524 3444 cnm
543 3373 690 3446 Otthone
705 3372 880 3467 quondam
896 3373 989 3447 dioto
1004 3374 1209 3468 imperatore
1222 3381 1256 3445 ct
1269 3373 1425 3445 Iohanne
1441 3393 1524 3466 rege
1541 3369 1666 3464 Anglie

254 3503 290 3568 et
314 3517 434 3569 eornm
456 3497 720 3570 auxiliatoribus
738 3497 926 3570 manifestis
944 3499 1075 3571 nullam
1095 3519 1215 3594 pacem
1235 3497 1400 3570 faciemus
1422 3496 1497 3569 sine
1522 3517 1666 3570 assensn

250 3618 412 3713 ejusdem
436 3620 541 3714 regis.
560 3620 701 3693 Nullum
723 3621 827 3695 etiam
850 3621 895 3695 de
914 3622 979 3694 illis
1002 3621 1063 3717 qni
1082 3622 1244 3696 cumdem
1258 3621 1466 3716 inquietant,
1487 3621 1667 3696 manifeste
1715 3669 1719 3678 ·

255 3742 463 3838 recipiemus
484 3743 521 3815 in
538 3753 628 3818 terra
642 3754 757 3820 nostra
774 3745 836 3818 ubi
850 3755 1052 3842 potestatem
1067 3745 1258 3818 habeamus
1273 3767 1353 3818 enm
1371 3745 1556 3820 amovendi
1573 3745 1667 3820 bona

258 3861 341 3937 lide.
365 3864 422 3940 Ad
446 3865 547 3958 cnjus
569 3866 620 3940 rei
642 3875 770 3941 certam
797 3867 834 3938 in
858 3875 1034 3962 posterum
1052 3868 1271 3962 memoriam,
1292 3878 1484 3966 presentem
1503 3871 1665 3968 paginam

254 3988 429 4061 conscribi
442 3990 609 4084 jussimus
626 3999 661 4064 et
675 3992 862 4085 majestatis
881 4001 994 4066 nostre
1013 3993 1108 4067 bolla
1124 4015 1230 4068 aurea
1248 3993 1455 4090 consignari.

257 4295 503 4373 acceptatum.
515 4302 563 4359 an
578 4318 586 4356 ι
599 4302 685 4360 «Post
696 4301 865 4361 haerentem
882 4318 931 4362 rex
947 4302 1075 4362 franciae
1093 4302 1189 4364 taccu
1204 4303 1277 4378 regis
1291 4319 1353 4362 eum
1371 4302 1556 4386 bencdictione
1572 4303 1665 4378 viginti

262 4411 277 4446 r
292 4393 375 4451 millia
396 4410 546 4454 marcarum
567 4401 669 4472 argenti
681 4401 872 4476 praeveniens,
885 4401 980 4460 foedus
993 4402 1027 4460 ad
1046 4403 1160 4460 invicem
1180 4401 1344 4476 pepigerunt.
1357 4400 1511 4475 linquidtns
1523 4401 1605 4476 igitur
1620 4419 1669 4462 mx

262 4509 276 4545 r
293 4491 472 4550 ltomanororn
485 4509 501 4552 a
515 4495 635 4569 Spirensi
650 4497 776 4574 episcopo
788 4499 887 4573 quibus
899 4499 928 4556 in
943 4498 1010 4557 locis
1028 4499 1122 4557 eadem
1138 4499 1251 4574 pecnnia
1265 4495 1375 4556 recondi
1389 4498 1515 4570 deberet,
1527 4501 1667 4574 respondit

262 4607 277 4641 a
291 4589 434 4662 pecuniam
445 4589 518 4649 ibam
537 4593 612 4666 regni
625 4594 791 4670 principibus
802 4611 863 4654 esse
876 4595 1045 4670 erogandam.
1061 4595 1157 4654 andita
1168 4596 1257 4670 itaque
1271 4593 1396 4654 munifica
1405 4595 1476 4670 regis
1490 4595 1666 4674 liberalitate,

262 4686 412 4748 »omnum
425 4687 697 4752 subornaveram
709 4693 871 4753 attollitur.»
1161 4683 1177 4694 ''
