4334 5980
560 537 621 600 254
1061 535 1278 596 releuaret
1303 535 1479 600 suebum
1783 539 1865 618 [An.
1884 542 1967 605 121³

560 681 675 746 noster
684 671 799 768 ipsum
814 679 979 766 tanquam
993 669 1165 766 perfidum
1176 669 1385 766 proditorem
1397 671 1476 767 capi
1485 671 1611 764 iacere,
1621 695 1670 746 ex
1681 695 1725 748 eo
1733 675 1831 770 quod
1842 677 1967 769 majes-

560 796 621 870 tati
640 815 758 868 anese
774 794 935 890 opposuit
952 803 987 866 et
1002 802 1121 866 contra
1136 813 1316 889 personam
1335 794 1467 888 regiam
1479 815 1576 868 arma
1591 818 1729 872 sumere
1741 819 1812 872 non
1826 802 1971 894 expavit·

559 920 684 994 utrisa
698 940 843 1014 persona
857 940 922 992 sua
932 917 1009 1016 (ric)
1021 925 1219 1014 etquotque
1232 917 1266 990 in
1282 939 1390 1012 regno
1403 919 1520 992 Sicilie
1530 918 1635 994 babet
1642 923 1812 1016 publicari
1824 923 1965 998 manda·

558 1046 610 1118 vit
618 1055 653 1118 et
660 1045 752 1118 bona
761 1045 1006 1140 perpetualiter
1014 1043 1207 1136 confiscari,
1219 1043 1301 1138 quia
1315 1041 1399 1116 dicti
1410 1065 1526 1118 eomes
1538 1046 1699 1140 Pogonus
1711 1057 1746 1120 et
1757 1046 1963 1137 Gnalteriue,

558 1169 647 1242 sicut
664 1169 796 1243 dictum
813 1179 883 1260 est,
904 1168 1123 1242 Catbaniensi
1140 1169 1283 1240 ecclesie
1295 1169 1498 1242 afflictiones
1512 1179 1548 1242 ct
1565 1169 1694 1244 damna
1711 1173 1821 1244 multe
1836 1172 1967 1246 intule-

557 1303 635 1367 rant
651 1303 686 1366 et
703 1294 833 1366 nnllam
852 1315 934 1388 erge
955 1295 1166 1386 majestatem
1190 1293 1321 1388 regiam
1348 1293 1565 1388 prestiterant
1590 1296 1837 1384 reverentiam,
1858 1295 1968 1370 tidelis

555 1426 670 1490 noster
685 1418 910 1491 cancellarius
934 1417 1140 1492 venerabilis
1157 1415 1392 1490 cathaniensis
1411 1419 1594 1515 epiecopus
1610 1441 1777 1492 unacum
1798 1431 1965 1494 conventu

556 1542 667 1638 ipsius
681 1542 920 1637 supplicarunt
940 1541 1082 1614 domino
1099 1549 1216 1614 nostro
1233 1541 1307 1635 rogi
1325 1549 1360 1614 et
1375 1540 1477 1615 nobis
1494 1551 1533 1613 ut
1547 1552 1697 1614 castrum
1710 1543 1964 1616 Calatabianum

556 1689 637 1739 cum
653 1665 839 1754 casalibus,
857 1665 1008 1758 pillanis,
1025 1666 1138 1757 terris,
1154 1666 1350 1738 tenimentis
1369 1675 1405 1738 et
1425 1665 1639 1760 pertinentiis
1656 1667 1741 1758 suis,
1761 1665 1859 1762 qued
1879 1669 1966 1740 sicru

558 1789 689 1864 dictum
710 1799 781 1881 est,
799 1810 846 1862 ex
864 1787 1020 1884 predicta
1036 1787 1230 1884 proditione
1250 1787 1332 1862 dicti
1351 1789 1486 1860 comitis
1503 1789 1550 1864 ad
1567 1787 1690 1862 fiscum
1707 1789 1841 1884 regium
1858 1792 1966 1864 fucat

558 1913 779 2005 devolutum,
800 1913 953 2008 episcopi
970 1911 1207 1985 Catbaniensis
1233 1913 1379 1986 ecclesie
1397 1912 1558 2002 obtentu,
1580 1913 1624 1986 ad
1649 1914 1856 2008 obsequium
1872 1915 1965 2010 quod

558 2037 719 2112 dominus
742 2047 858 2110 noster
881 2047 915 2110 et
939 2057 1003 2110 nos
1028 2035 1113 2110 inde
1128 2059 1211 2132 sepe
1229 2037 1438 2132 recepimus,
1458 2037 1586 2110 intuitu
1604 2057 1746 2132 quoque
1763 2037 1964 2112 damnorum

557 2184 627 2258 qne
642 2163 710 2258 ipsi
728 2162 870 2235 comites
889 2160 980 2235 dicte
995 2162 1138 2234 ecclesie
1154 2171 1273 2234 centra
1285 2161 1453 2254 justitiam
1469 2161 1678 2254 intulerunt,
1696 2163 1886 2236 concedere
1909 2163 1966 2238 di·

557 2305 755 2380 gnaremur.
783 2284 853 2358 Nos
884 2292 1000 2356 summ
1028 2283 1243 2357 attendentes
1267 2285 1390 2378 ingens
1416 2283 1491 2358 sine
1512 2283 1766 2358 intermissione
1788 2287 1962 2358 servitium

555 2408 653 2506 qnod
669 2408 830 2482 dominus
852 2417 887 2482 et
908 2408 964 2480 vir
978 2417 1093 2480 noster
1116 2417 1150 2481 et
1173 2429 1237 2482 nos
1259 2409 1305 2481 ab
1326 2409 1402 2503 ipsa
1419 2407 1637 2481 Catbaniensi
1650 2409 1795 2482 ecclesia
1816 2419 1852 2482 et
1876 2411 1965 2484 dicte

556 2534 760 2608 cancellario
781 2543 817 2608 et
843 2532 938 2607 fideli
961 2544 1077 2607 nostro
1093 2531 1312 2607 Catbaniensi
1336 2533 1498 2630 episcopo
1524 2533 1710 2608 babuimus
1728 2544 1764 2606 ot
1779 2535 1961 2628 babemus,

557 2659 812 2734 considerantes
828 2680 969 2754 quoque
985 2658 1127 2732 demum
1143 2657 1230 2753 quid
1248 2658 1292 2733 de
1310 2657 1387 2754 ipso
1413 2668 1524 2730 castro
1547 2656 1643 2730 idem
1670 2658 1834 2732 dominns
1853 2670 1965 2732 noster

557 2806 635 2858 cum
652 2805 795 2880 presens
816 2792 890 2856 erat
914 2785 980 2878 ipsi
1000 2783 1152 2856 ¹ecclesie
1174 2803 1288 2856 eoram
1314 2781 1505 2855 venerabili
1530 2783 1565 2854 in
1589 2781 1722 2855 Christo
1739 2793 1835 2876 patre
1852 2793 1964 2856 nosro

556 2907 718 3003 Gregorio
740 2909 856 2980 Sancti
881 2907 1052 2981 Theodori
1074 2907 1265 2999 cardinale,
1282 2905 1477 3002 Apostolice
1501 2905 1603 2978 Sedis
1629 2907 1759 3000 legato,
1783 2907 1963 2981 liberaliter

557 3034 656 3124 lecit,
677 3053 811 3106 necnon
836 3033 1004 3104 immensa
1028 3031 1229 3126 gravamina
1255 3041 1290 3104 et
1309 3032 1463 3122 jacturas
1485 3051 1574 3124 quas
1590 3029 1715 3102 eadem
1732 3031 1964 3104 Catbaniensis

557 3157 701 3232 ecclesia
727 3177 748 3230 a
772 3155 957 3230 nominatis
985 3155 1169 3234 comitibus
1192 3156 1343 3250 graviter
1368 3163 1403 3226 et
1428 3175 1511 3250 sepe
1535 3153 1740 3246 substinuit,
1766 3155 1847 3228 licet
1871 3156 1963 3250 qnod

559 3277 794 3379 dnx[er]imns
811 3279 1094 3354 committendum
1110 3289 1259 3354 castrum
1277 3281 1392 3375 ipsum
1411 3279 1526 3352 comiti
1541 3279 1708 3368 Arnaldc,
1726 3275 1786 3378 [et]
1807 3279 1853 3354 de
1871 3281 1962 3373 regia

557 3406 778 3480 concessione
801 3405 889 3478 illud
912 3414 1032 3480 tenens
1051 3405 1088 3478 id
1105 3405 1211 3478 vellet
1225 3403 1379 3478 vendere
1396 3405 1490 3496 aliis,
1512 3426 1574 3500 per
1590 3425 1679 3498 qnos
1692 3405 1833 3478 servitia
1850 3416 1963 3478 nostra

555 3530 716 3626 impediri
734 3539 874 3627 possent
885 3539 920 3603 et
936 3529 1028 3604 dicte
1042 3528 1279 3603 Catbaniensis
1296 3529 1441 3602 ecclesia
1454 3527 1668 3602 damnificari
1681 3529 1828 3612 valeret,
1847 3530 1964 3602 solutus

556 3654 777 3729 demandato
791 3665 827 3728 ct
840 3655 978 3728 licentia
993 3665 1108 3728 nostra
1126 3653 1194 3750 ipsi
1217 3652 1334 3726 comiti
1355 3653 1508 3728 Ammdo
1521 3651 1719 3748 quindecim
1737 3651 1891 3726 millibus
1906 3663 1964 3726 ta·

555 3799 716 3852 renerum
730 3779 788 3852 vel
804 3780 880 3872 ejus
897 3778 1107 3875 procuratori
1111 3831 1386 3869 .........
1403 3777 1448 3852 de
1465 3778 1574 3872 mua
1590 3786 1707 3850 nostra
1729 3785 1765 3849 et
1787 3777 1834 3850 ob
1859 3777 1963 3850 meri·

556 3915 630 3976 tum
644 3902 729 3976 dicti
743 3903 935 3977 cancellarii
953 3902 1066 3976 fidelis
1082 3902 1202 3992 nostri,
1220 3901 1505 3998 supplicationem
1522 3921 1643 3976 eorum
1660 3901 1804 3974 libenter
1819 3899 1963 3974 admisi-

557 4049 647 4118 mus,
661 4027 792 4101 (lictum
807 4038 956 4102 castrum
969 4026 1180 4101 Calatabiani
1197 4049 1219 4100 a
1234 4025 1391 4123 predicto
1409 4027 1534 4099 comite
1550 4024 1716 4117 Arnalde,
1727 4024 1821 4098 sicut
1833 4025 1962 4098 dictum

553 4165 619 4246 est,
631 4162 786 4248 emptum
801 4153 867 4249 ipsi
879 4150 1246 4226 Cathaniemiecelesie
1260 4151 1335 4224 loce
1349 4148 1472 4222 etvice
1483 4148 1617 4222 domini
1630 4158 1665 4222 et
1681 4147 1750 4222 viri
1762 4147 1870 4220 nostri
1886 4169 1963 4220 cum

555 4279 751 4352 tenimentis
766 4287 802 4352 et
815 4275 1029 4374 pertinentiis
1046 4276 1119 4350 suis
1137 4274 1336 4348 auctoritate
1352 4273 1448 4369 regia
1463 4271 1707 4364 concedentes,
1724 4273 1872 4366 presenti
1897 4271 1965 4368 pri·

555 4403 681 4498 vilegio
696 4413 863 4498 perpetuo
879 4401 1142 4488 confirmamus3
1161 4407 1350 4472 statuentes
1365 4409 1405 4470 ut
1421 4407 1571 4472 msuum
1594 4398 1709 4494 ipsum
1731 4395 1963 4469 Cathaniensis

556 4529 699 4602 ecclesia
719 4528 814 4600 omni
832 4527 947 4600 tuturo
968 4537 1120 4620 tempore
1135 4545 1271 4620 semper
1287 4521 1413 4597 habeat
1436 4522 1512 4596 sine
1535 4521 1691 4595 molestia
1713 4529 1748 4593 et
1765 4519 1962 4614 manamine

555 4651 718 4744 alicujus,
735 4647 877 4746 pacifice
890 4649 1064 4748 possideat
1079 4659 1113 4722 et
1131 4647 1264 4744 quiete,
1279 4647 1452 4722 universis
1469 4647 1663 4720 inhibentes
1676 4644 1840 4720 attentius
1858 4666 1903 4716 ne
1918 4641 1960 4716 de
