4382 5946
1056 565 1271 628 FlllDlllllCl
1296 567 1466 628 SECUNlll
1780 569 1859 648 [hart.
1878 569 1965 633 titt

1648 857 1732 872 -a—-v

495 1239 501 1262 ‚
607 1125 838 1236 Fridericus‚
857 1127 1117 1214 Romanorum
1140 1158 1226 1237 rex,
1241 1131 1452 1216 Humherto
1465 1131 1668 1215 Viennensi
1687 1133 1965 1244 archiepiscopo

516 1293 521 1306 ·
554 1258 650 1338 sacri
668 1259 799 1368 palatii
817 1261 856 1342 in
874 1288 994 1372 regno
1011 1263 1256 1374 Burgundiae
1279 1263 1609 1346 archicancellario
1636 1263 1794 1374 ejusque
1812 1289 1965 1346 succes-

555 1391 705 1474 soribus
728 1404 765 1475 et
786 1397 986 1478 conventui
1009 1397 1280 1480 canonicorum
1303 1397 1430 1480 Sancti
1449 1397 1613 1480 Mauritii
1631 1397 1836 1508 pedagium
1863 1399 1964 1506 apud

555 1524 739 1608 Viennam
758 1530 947 1635 concedit,
968 1535 1011 1612 ut
1029 1557 1052 1612 a
1069 1529 1356 1613 transeuntibus
1374 1529 1576 1612 duodecim
1594 1529 1771 1610 denarios
1788 1555 1858 1637 pro
1875 1529 1962 1611 sin-

553 1659 653 1768 gulis
671 1661 837 1771 chargiis
852 1663 906 1744 eis
921 1663 1033 1746 liceat
1050 1665 1230 1773 accipere.

633 1907 730 1985 (Edlt.
741 1923 790 1984 ap.
802 1905 952 1967 thot'rer
960 1925 1038 1986 pour
1049 1909 1140 1967 serva
1159 1905 1179 1966 ἁ
1198 1904 1281 1968 tter.
1298 1905 1333 1968 dc
1351 1905 1520 1986 aaudiat,
1535 1923 1563 1982 p.
1578 1915 1629 1976 at,
1644 1911 1675 1964 et
1688 1921 1737 1982 ap.
1750 1907 1962 1976 viscomis,

669 2014 743 2073 Hirt.
760 2013 795 2072 da
807 2012 977 2093 hospitat,
993 2021 1014 2075 t
1032 2015 1059 2088 1,
1074 2033 1105 2091 p.
1123 2025 1172 2074 88.
1191 2017 1337 2092 lntrgrlns
1353 2017 1385 2074 in
1398 2031 1433 2074 co
1450 2011 1531 2089 qnod
1544 2011 1582 2072 ad
1604 2017 1692 2072 testes
1707 2013 1831 2086 peruret
1850 2027 1898 2086 ap.
1921 2010 1963 2070 Iar

670 2119 800 2193 muns,
816 2121 888 2181 Htrt
905 2121 940 2180 dc
953 2118 1065 2202 l'aatr'q.
1082 2128 1110 2180 et
1130 2121 1268 2181 rainctett
1280 2119 1315 2180 de
1332 2117 1363 2180 Ic
1381 2121 1436 2180 citt
1449 2117 1484 2179 de
1501 2119 1622 2192 Vienna,
1639 2135 1668 2196 p.
1686 2127 1758 2192 8583
1774 2116 1815 2178 cf.
1830 2118 1962 2178 Jornnrs

673 2245 694 2286 a
708 2227 822 2302 Bosco,
839 2228 963 2288 Viennae
976 2229 1116 2308 catiqttit.
1131 2245 1206 2288 ruer.
1223 2234 1251 2288 ct
1258 2225 1351 2307 profi,
1367 2244 1399 2304 p.
1415 2229 1478 2301 93.)

600 2445 639 2514 ln
658 2443 797 2516 nornine
817 2452 934 2516 sancte
954 2453 988 2516 et
1006 2441 1188 2516 individue
1205 2443 1389 2516 Trinitatis.
1415 2441 1610 2514 Fridcricus
1626 2441 1672 2528 ll,
1692 2439 1813 2513 divina
1828 2439 1963 2511 favente

552 2569 732 2642 clementia
751 2569 978 2640 Romanorum
996 2590 1080 2659 rex,
1101 2589 1236 2662 semper
1254 2576 1424 2662 augustus
1449 2576 1484 2638 et
1506 2587 1569 2638 rex
1591 2565 1716 2636 Sicilie.
1738 2562 1961 2658 Principalem

553 2691 824 2764 munificentiam
843 2691 941 2766 dccet
952 2691 1119 2764 virtutum
1134 2691 1263 2786 premia
1281 2689 1397 2786 largiri
1412 2689 1637 2778 merentibus,
1658 2697 1693 2760 ct
1710 2687 1881 2779 subjectos
1897 2688 1961 2758 im·

552 2817 638 2912 perii
657 2815 901 2890 beneficiorum
922 2817 1091 2912 exemplis
1115 2815 1162 2890 ad
1183 2817 1401 2891 devotionem
1425 2825 1459 2888 at
1482 2815 1688 2910 obsequium
1711 2835 1833 2908 regum
1856 2814 1962 2886 allec·

553 2941 685 3013 tuosius
703 2941 861 3014 invitare.
882 2941 1098 3036 Quapropter
1115 2941 1250 3014 noverit
1268 2939 1422 3013 omnium
1440 2937 1595 3012 fidelium
1613 2915 1807 3012 nostrorum
1824 2959 1962 3033 presens

553 3075 626 3138 etas
648 3074 682 3136 et
707 3067 821 3138 futura
844 3066 1023 3160 posteritas
1042 3065 1137 3160 quod
1163 3087 1226 3138 nos
1248 3065 1294 3138 ob
1312 3063 1533 3138 devotionem
1556 3073 1591 3136 et
1615 3063 1839 3135 constantiam
1858 3083 1960 3156 quam

554 3189 654 3261 nobis
671 3199 704 3262 ct
722 3189 866 3284 imperio
882 3191 1035 3262 Romano
1050 3188 1256 3260 Viennensis
1273 3188 1415 3260 ccclesia
1434 3187 1569 3260 studuit
1586 3187 1753 3259 hactenus
1773 3186 1957 3274 exhihere,

553 3315 729 3388 carissimo
746 3313 1060 3386 nostrollumhcrto
1072 3313 1258 3385 Viennensi
1276 3311 1546 3408 archiepiscopo,
1562 3312 1650 3384 sacri
1670 3313 1786 3407 palatii
1804 3311 1910 3384 nostri
1925 3311 1959 3381 in

552 3462 660 3534 regno
678 3439 878 3534 Burgundio
896 3438 1206 3526 archicancellario,
1220 3447 1255 3510 et
1271 3460 1332 3532 per
1349 3459 1430 3510 eum
1449 3437 1706 3509 successoribus
1727 3435 1850 3507 suiset
1868 3433 1957 3507 fideli

554 3567 795 3638 canonicorum
813 3565 928 3637 Sancti
945 3565 1095 3637 Mauritii
1113 3563 1297 3636 conventui
1315 3562 1501 3657 pedagium
1515 3561 1612 3657 apud
1626 3561 1794 3633 Viennam
1809 3561 1855 3634 de
1868 3581 1959 3634 mera

553 3691 753 3762 liberalitate
769 3689 991 3762 concedimus
1013 3689 1048 3760 in
1074 3697 1282 3784 perpetuam
1300 3696 1335 3759 et
1352 3685 1560 3759 authoritate
1580 3687 1675 3780 ragin
1699 3684 1956 3772 confirmamus,

552 3823 592 3886 ut
607 3836 628 3887 a
643 3814 899 3887 transeuntibus
918 3835 979 3908 per
994 3823 1118 3886 terram
1132 3821 1167 3884 et
1184 3811 1288 3884 etiam
1303 3833 1364 3906 per
1382 3833 1507 3904 aquam
1528 3809 1712 3884 duodecim
1728 3809 1887 3882 denarios
1900 3829 1961 3903 pro

552 3939 698 4033 singulis
716 3937 866 4032 chargiis
883 3937 936 4008 eis
952 3936 1052 4008 liceat
1067 3935 1237 4030 accipere.
1253 3935 1324 4008 Nec
1339 3935 1455 4029 aliqua
1471 3935 1539 4007 alia
1555 3955 1701 4030 persona
1714 3937 1961 4026 cujuscumque

551 4063 728 4158 dignitatis
745 4061 801 4134 vel
818 4059 922 4133 officii
940 4060 1006 4132 sihi
1024 4069 1156 4156 partem
1183 4061 1220 4132 in
1239 4059 1306 4132 hoc
1327 4058 1476 4156 pedagio
1492 4059 1607 4132 valeat
1623 4059 1680 4131 vel
1699 4058 1826 4131 audeat
1841 4056 1960 4130 vindi·

552 4209 650 4274 care,
666 4207 731 4259 nec
745 4185 848 4258 alicui
865 4184 965 4258 liceat
981 4184 1017 4256 in
1032 4185 1106 4280 ipsa
1120 4183 1260 4256 civitate
1275 4183 1329 4254 vel
1347 4183 1382 4254 in
1400 4182 1643 4256 mandamento
1657 4183 1733 4275 ejus
1746 4181 1843 4254 aliud
1857 4181 1961 4277 peda·

550 4311 648 4407 gium
665 4310 871 4383 constituere
882 4309 939 4381 vel
951 4309 1091 4382 hahere.
1107 4307 1144 4380 Si
1157 4307 1237 4402 quis
1249 4327 1351 4396 vero,
1368 4305 1465 4401 quod
1476 4305 1585 4398 absit,
1602 4306 1692 4379 hanc
1705 4305 1959 4379 conoessioncnr

548 4445 698 4508 nostram
710 4433 968 4529 archiepiscopo
982 4442 1016 4504 et
1029 4431 1174 4505 ecclesia
1185 4431 1370 4502 Viennensi
1389 4433 1513 4502 factam
1526 4429 1757 4524 aliquomodo
1768 4429 1960 4524 inquietare

548 4559 811 4654 presumpserit,
831 4559 947 4630 banno
966 4555 1135 4651 imperiali
1160 4555 1337 4647 subjaceat
1355 4562 1390 4626 et
1407 4565 1545 4626 centum
1566 4555 1671 4626 libras
1690 4554 1766 4626 anri
1785 4553 1959 4650 purissimi

548 4692 749 4780 componat,
769 4703 916 4777 quaram
936 4689 1068 4776 partem
1086 4679 1266 4754 dimidiam
1287 4701 1424 4752 camere
1445 4691 1577 4771 nostre,
1596 4679 1764 4776 reliquam
1781 4677 1960 4776 archicpi-
