4382 5946
549 570 611 634 304
1043 567 1257 630 ratosatct
1282 568 1456 631 sectant
1765 573 1845 650 [Aac
1865 572 1951 636 1214

548 704 720 796 dentiam,
745 713 936 798 presentem
963 704 1125 800 paginam
1151 704 1320 776 conscribi
1346 715 1380 778 ct
1402 703 1589 798 majestatis
1611 713 1729 778 nostre
1752 707 1865 799 sigillo
1878 709 1953 802 jus-

484 869 492 884 ·
547 830 656 902 simus
673 825 890 902 communiri.

596 953 706 1046 liujus
730 953 779 1026 rei
804 961 907 1025 testes
930 959 1012 1024 sunt
1033 951 1193 1024 Albertus
1215 951 1523 1047 lllagdeburgensis
1551 952 1848 1049 archiepiscopus,
1872 955 1951 1028 Otto

546 1075 837 1171 Wirtzburgensis
853 1076 1054 1172 episcopus,
1074 1076 1315 1170 Engelhardus
1332 1077 1625 1170 Nuemhnrgensis
1641 1077 1841 1174 episcopus,
1859 1077 1950 1150 Cun-

544 1202 652 1277 rudus
667 1199 842 1298 quondam
861 1201 1155 1274 Hulberstadensis
1171 1201 1365 1297 episeopus,
1385 1203 1603 1274 llermanuus
1623 1201 1834 1296 lantgravius
1849 1201 1950 1274 'lhu-

544 1326 668 1420 ringie‚
683 1325 911 1398 Theodericus
928 1325 1131 1399 Misenensis
1147 1337 1182 1398 et
1196 1327 1377 1400 Orientulis
1392 1327 1560 1416 marchio,
1576 1327 1654 1399 Otto
1669 1325 1744 1400 dux
1758 1326 1804 1400 de
1816 1327 1946 1418 lleran,

543 1449 725 1545 Adolphus
740 1469 854 1523 comcs
873 1448 918 1522 de
933 1449 1242 1541 Schowemburoh‚
1260 1449 1424 1524 Albanus
1443 1471 1559 1522 comes
1574 1449 1620 1522 de
1635 1449 1825 1542 Eberstein,
1846 1451 1949 1523 licin-

543 1575 635 1646 ricus
653 1595 768 1648 comes
784 1572 828 1647 dc
842 1573 1068 1668 Swarzburg,
1087 1573 1280 1647 Friderlcns
1296 1595 1413 1647 comes
1429 1573 1475 1647 de
1491 1573 1732 1668 llicheliugen,
1750 1575 1948 1648 Burlrardus

543 1719 660 1772 comcs
680 1697 726 1770 de
747 1697 932 1789 llansvelt,
952 1697 1153 1770 Burlrardus
1169 1699 1340 1794 prefectus
1356 1698 1401 1773 de
1427 1698 1662 1792 llegdebnrg‚
1681 1697 1852 1772 lohannes
1871 1721 1949 1794 pre-

543 1824 654 1897 fectus
675 1821 721 1894 de
737 1821 974 1916 Gepzenstsin‚
991 1821 1189 1894 Burlmrdus
1204 1845 1319 1896 comes
1335 1821 1380 1896 de
1399 1824 1619 1916 Lutterburg,
1641 1821 1886 1896 Gothschalcus
1904 1823 1949 1897 de

543 1947 672 2042 Pleytz‚
694 1945 859 2018 Emestus
876 1965 991 2018 comes
1014 1945 1059 2018 de
1076 1946 1230 2038 vilseke,
1254 1945 1476 2020 Gebcbandus
1494 1947 1710 2041 lantgravius
1729 1946 1774 2020 dc
1790 1947 1948 2020 Luchim·

543 2069 646 2163 berg,
671 2069 838 2142 Henricns
860 2080 894 2142 et
917 2067 989 2143 duc
1016 2071 1136 2143 fratres
1162 2073 1237 2164 ejus
1258 2071 1419 2146 advocati
1442 2069 1488 2144 de
1511 2071 1639 2162 wida,
1669 2069 1878 2144 Gunzelinos
1903 2072 1948 2145 de

544 2193 676 2266 Crduzh
699 2202 734 2267 et
760 2193 922 2266 Albsrtus
951 2193 997 2267 de
1022 2194 1178 2286 Drouzh,
1206 2195 1422 2269 dermannus
1452 2195 1497 2268 de
1522 2193 1665 2286 salech,
1694 2195 1873 2268 Heinricus
1901 2194 1947 2269 de

544 2316 778 2410 Chambnrch,
804 2317 970 2390 Lndollus
993 2316 1040 2391 de
1068 2317 1265 2408 Berlstetin‚
1297 2317 1498 2413 etquidem
1525 2317 1764 2392 ministeriales
1789 2315 1835 2391 de
1855 2319 1945 2414 Egra

544 2461 623 2514 cum
640 2442 716 2514 aliis
733 2442 862 2514 multis.

591 2567 735 2660 Signum
763 2565 894 2640 domini
918 2565 1080 2642 Fn'den'ci
1108 2565 1255 2641 secundi
1277 2566 1506 2640 Romanorum
1532 2565 1625 2662 regis
1649 2565 1884 2660 invictissimi,
1912 2577 1946 2642 et

541 2691 633 2785 regis
649 2691 775 2764 Sicilie.
794 2689 1085 2788 (dionoprommc.)

588 2815 675 2888 Acta
704 2825 785 2888 sunt
817 2815 881 2888 hec
909 2836 1002 2889 anno
1030 2815 1203 2890 dominice
1228 2815 1472 2890 incamutiouis
1502 2815 1685 2888 millesimo
1712 2813 1945 2888 ducentesimo

541 2937 831 3034 quartodecimo,
851 2939 1039 3014 indictione
1061 2939 1232 3030 secunda,
1255 2950 1420 3036 regnante
1444 2939 1571 3014 domno
1596 2937 1768 3013 Frlderico
1791 2938 1945 3013 secundo

539 3063 770 3138 Romanorum
785 3086 868 3160 ruge
882 3065 1139 3162 gloriosissimo,
1154 3076 1189 3138 et
1201 3087 1283 3160 rege
1298 3065 1413 3139 Sicilie
1432 3065 1724 3154 victoriosissimo,
1740 3085 1832 3138 anno
1847 3065 1942 3160 regni

539 3189 615 3280 ejus
629 3188 665 3260 in
682 3188 826 3284 imperio
843 3187 1013 3281 secundo,
1030 3191 1128 3284 regni
1145 3211 1229 3263 vero
1244 3190 1357 3262 Sicilie
1374 3188 1684 3286 septimodecimo.

589 3313 714 3386 Datum
732 3313 828 3409 apud
844 3315 983 3410 ligram,
995 3335 1057 3410 per
1070 3337 1211 3388 manum
1229 3313 1361 3389 domini
1380 3311 1530 3388 Cunradi
1547 3311 1710 3387 distensis
1727 3321 1762 3386 et
1776 3311 1944 3409 Spirensis

539 3437 692 3533 episcopi
709 3446 815 3533 atque
832 3438 1017 3536 imperialis
1033 3439 1113 3513 aule
1131 3439 1257 3512 summi
1273 3439 1488 3528 cancellarii,
1508 3439 1569 3512 llll
1587 3435 1667 3511 idus
1683 3437 1785 3530 junii.

352 4153 381 4199 μ
505 4169 513 4196 ·
593 4134 823 4240 inidoneus,
842 4131 1102 4216 Romanorum
1127 4157 1214 4238 rex,
1242 4138 1429 4215 memoret
1453 4127 1777 4213 confirmationem
1799 4127 1942 4236 pmedii

539 4272 588 4357 de
604 4269 779 4376 llunstul,
798 4267 922 4378 primo
939 4266 979 4350 iu
994 4265 1139 4372 Sicilia,
1160 4263 1326 4348 secundo
1343 4263 1384 4344 in
1407 4261 1619 4366 immania,
1640 4259 1869 4345 monasterio
1893 4259 1943 4341 de

540 4404 668 4490 Salem
686 4429 710 4486 a
731 4429 772 4486 se
797 4401 956 4508 luctam,
975 4409 1013 4483 et
1034 4399 1201 4482 declarat
1226 4421 1267 4480 se
1288 4395 1385 4480 nulli
1411 4394 1612 4478 hominum
1637 4419 1708 4478 nec
1733 4391 1943 4502 specialiter

538 4539 626 4622 duci
644 4535 840 4646 Zarinff'uc
857 4534 1092 4644 praedictum
1109 4531 1308 4642 praedium
1325 4553 1498 4639 unquam
1510 4527 1738 4612 concessisse
1755 4551 1822 4610 scu
1839 4549 1941 4609 con-

538 4695 733 4754 cessurum
752 4693 853 4776 esse,
868 4665 942 4749 nisi
957 4673 1107 4749 tentum
1124 4662 1304 4747 iratribus
1322 4663 1371 4747 de
1388 4661 1529 4746 Salem.
