4382 5946
237 577 400 660 Μετὰ]
688 575 885 638 HISTORIA
909 573 1198 636 DIPLOMATICA.
1587 573 1647 636 287

238 710 353 785 fidelis
369 721 484 784 noster
501 709 693 785 Chalochus
716 710 762 785 de
779 709 1007 806 Chirchperch
1025 731 1086 805 per
1104 708 1297 782 districtum
1315 705 1488 783 fidelitatis
1505 719 1647 784 senten-

239 837 363 909 tialiter
387 835 530 932 protulit
549 843 584 908 et
609 834 758 909 firmavit
787 835 967 908 dominum
990 834 1087 905 illum
1111 854 1332 927 nequaquam
1354 833 1462 905 teneri
1484 832 1521 904 in
1546 833 1646 906 solu-

239 961 367 1034 tionem
386 961 463 1034 talis
480 960 594 1048 feodi,
615 959 754 1034 detenta
780 959 889 1034 iorma
915 957 1113 1054 supradicta
1131 956 1302 1030 duntaxat
1319 956 1349 1028 si
1368 957 1519 1029 vasallus
1536 957 1649 1052 potuit

239 1085 415 1178 requirere
445 1084 586 1158 feodum
614 1105 716 1156 suum
749 1092 784 1155 ct
809 1104 879 1156 non
906 1083 998 1154 iecit.
1029 1083 1140 1167 Quam
1165 1081 1367 1154 sententiam
1394 1102 1454 1176 per
1476 1080 1648 1154 subsecu-

239 1210 367 1282 tionem
379 1209 483 1282 tctius
497 1209 591 1282 curie
603 1217 716 1282 nostre
731 1207 966 1282 confirmatam
979 1216 1089 1280 ratam
1106 1206 1284 1299 habentes,
1296 1205 1391 1300 regia
1405 1203 1647 1279 confirmamus

238 1331 441 1406 auctoritate
458 1341 493 1404 et
513 1340 678 1428 perpetuo
694 1332 857 1406 volumus
873 1333 948 1405 sine
964 1332 1111 1424 alicujus
1128 1352 1274 1426 persone
1288 1329 1557 1403 contradictione
1578 1329 1646 1402 ob-

237 1456 382 1530 servari.
405 1456 457 1530 Ne
480 1463 595 1532 autem
617 1477 680 1552 pro
699 1456 861 1552 temporis
878 1465 1076 1530 transcursu
1092 1457 1156 1529 hec
1170 1457 1262 1548 juste
1278 1456 1346 1529 lata
1364 1455 1530 1528 sententia
1555 1454 1647 1527 ohli-

234 1581 331 1655 vioni
350 1580 517 1674 tradatur,
538 1579 604 1654 hoo
623 1580 789 1678 scriptum
806 1581 889 1656 inde
908 1579 982 1654 fieri
1002 1580 1171 1674 jussimus
1195 1580 1309 1674 sigillo
1327 1580 1511 1676 majestatis
1527 1588 1643 1653 nostre

238 1705 447 1779 roboratum.

286 1831 401 1904 Testes
428 1830 490 1925 qui
519 1830 747 1904 interfuerunt
774 1830 824 1904 hii
847 1839 928 1902 sunt
949 1829 1027 1905 Otto
1055 1829 1280 1924 Frisingensis
1302 1829 1504 1926 episcopus,
1522 1829 1646 1902 Mane-

237 1955 363 2048 goldus
376 1955 588 2030 Pataviensis
601 1953 797 2052 episcopus,
814 1955 1009 2029 Hertwicus
1021 1955 1221 2028 Eistetensis
1235 1954 1429 2050 episcopus,
1442 1953 1646 2027 Chunradus

237 2078 450 2151 Brixinensis
465 2079 659 2176 episcopus,
675 2078 865 2152 Lndwious
880 2079 953 2152 dux
968 2081 1127 2170 Bavarie,
1142 2077 1302 2153 Albertus
1318 2101 1434 2152 comes
1449 2079 1643 2170 Tirolensis,

238 2223 353 2276 comes
371 2202 577 2304 Chunradus
594 2203 643 2308 de
667 2203 756 2296 Zolr,
784 2201 910 2278 Albero
937 2203 982 2277 de
1007 2205 1162 2294 Wanga,
1183 2205 1284 2298 Hugo
1309 2202 1354 2276 de
1377 2202 1646 2293 Tuvers‚1)ieto

196 2373 202 2386 ·
238 2325 283 2398 de
305 2327 552 2421 Ravenepuroh
579 2327 787 2400 camerarius
808 2328 961 2424 imperii,
989 2328 1172 2400 Haiuricue
1196 2328 1321 2401 nobilis
1348 2327 1392 2402 de
1412 2327 1541 2424 Niffen,
1568 2327 1644 2400 An-

238 2445 392 2524 shelmus
410 2451 455 2524 de
469 2452 668 2546 lustingen,
690 2461 725 2525 et
741 2453 800 2526 alii
816 2453 1051 2548 quamplures.

285 2576 411 2647 Datum
428 2574 585 2670 Auguste
602 2576 638 2650 in
660 2576 757 2650 curia
779 2577 940 2664 solemni,
957 2597 1049 2650 anno
1068 2577 1206 2650 Domini
1226 2576 1434 2666 dccxlv,
1456 2575 1644 2650 indictione

236 2698 280 2791 ll,
301 2699 348 2770 XI
367 2699 533 2774 kalendas
550 2701 683 2774 marcii.

288 3277 519 3388 Friderious‚
540 3283 801 3368 Romanorum
817 3312 903 3394 rex,
927 3287 1122 3372 ecclesiam
1151 3289 1406 3374 Gurckensem
1428 3291 1644 3376 cumomni

231 3409 319 3519 jure
335 3411 579 3499 investiturae
596 3416 784 3527 regalium
810 3416 1004 3529 adjudicat
1029 3421 1206 3508 ecelesiae
1224 3423 1515 3536 Salzhurgensi,
1535 3427 1645 3538 eique

236 3543 447 3656 subjectam
472 3573 556 3632 esse
571 3549 752 3634 decernit.

318 3757 482 3838 (Memorat.
497 3779 546 3840 ap.
562 3763 756 3839 mmmm,
776 3764 940 3831 Nacdn'cltt.
960 3785 1016 3830 ooo
1031 3769 1166 3844 Jooaoia,
1183 3789 1214 3850 p.
1230 3781 1300 3848 250,
1315 3773 1416 3836 addito
1437 3775 1527 3856 hujus
1546 3777 1645 3839 docu-

354 3871 446 3930 mend
459 3867 624 3949 fragmento
637 3873 717 3951 quod
730 3873 927 3952 exhibemus.)

287 4102 697 4131 .............
724 4058 947 4136 Eberhardus
967 4062 1270 4162 [archi]episcopus
1288 4087 1308 4140 ε
1326 4076 1443 4150 contra
1464 4071 1641 4167 proposuit

235 4173 331 4269 quod
357 4187 544 4252 memorata
576 4181 760 4259 Gurcensis
784 4185 927 4263 ecclesia
954 4187 999 4260 ab
1024 4191 1296 4264 antecessoribus
1321 4192 1394 4264 suis
1423 4193 1533 4266 taliter
1554 4202 1643 4268 esset

236 4308 451 4395 constructa,
472 4311 507 4377 et
526 4303 571 4378 de
591 4305 723 4400 prediis
742 4315 776 4379 et
794 4306 937 4382 decimis
956 4311 1212 4406 Salzburgensis
1230 4313 1373 4388 ecclesie
1389 4313 1426 4388 in
1443 4317 1563 4411 primis
1579 4339 1642 4394 sue

236 4423 448 4499 fundationis
475 4428 576 4500 annis
599 4427 763 4523 adaucta;
793 4432 973 4506 ecclesiam
999 4435 1209 4510 Gurcensem
1236 4439 1477 4534 salzburgensi
1499 4443 1643 4517 ecclesie

236 4569 315 4620 curn
340 4552 434 4623 omni
459 4552 539 4644 jure
562 4553 764 4629 investiture
785 4557 952 4652 regalium
977 4559 1239 4655 adjudicamus,
1261 4583 1305 4635 ao
1326 4562 1491 4662 deinceps
1517 4565 1644 4641 decer-

235 4673 353 4748 nimus
370 4677 559 4771 subjectam
563 4731 981 4758 .............
