4382 5946
233 610 332 673 luctor.
348 608 392 688 3.]
683 603 880 666 lllS'l’Olllll
904 601 1197 664 DlPLOblllTlCll.
1588 597 1648 660 319

234 745 364 834 seculo,
387 743 453 840 ipsi
470 764 534 838 pro
550 741 704 815 remedio
723 742 838 814 anime
851 751 966 813 nostre
980 749 1146 836 perpetuo
1162 736 1353 830 gauderent
1366 736 1431 808 bac
1446 735 1642 808 donatione.

285 869 408 942 llctum
428 877 480 941 est
498 867 564 938 hoc
579 877 669 938 anuo
687 865 824 937 Domini
842 864 1035 938 MCCXllll.

283 995 393 1086 Hujus
417 993 466 1064 rei
493 1001 596 1063 testes
622 999 703 1062 sunt
721 989 940 1064 Theobaldus
960 987 1111 1060 marchio
1131 985 1175 1058 de
1193 984 1446 1075 Vohimburcb,
1468 984 1649 1080 Philippus

235 1117 281 1192 de
299 1116 516 1206 bonlanden,
538 1115 636 1187 miles
652 1123 768 1187 noster
788 1121 1013 1208 cognomento
1038 1112 1165 1202 Crono,
1188 1111 1327 1204 Hageno
1351 1111 1500 1181 famulus
1518 1119 1645 1196 noster,

238 1242 392 1337 Sigbodo
410 1241 621 1329 advocatus,
638 1248 672 1312 et
685 1239 744 1311 alii
758 1237 980 1334 quamplures
998 1235 1062 1308 viri
1080 1235 1161 1308 boni
1179 1233 1377 1307 testimonii.

997 1550 1171 1558 ——a———o—
1181 1550 1278 1558 ann——
1284 1551 1297 1556 ·-
1305 1549 1425 1556 ---nu-...-

292 1828 523 1934 Ludovicus‚
544 1853 670 1912 comes
689 1827 880 1938 palatinus
898 1828 1019 1912 Rheni
1038 1837 1075 1910 et
1092 1829 1171 1910 dux
1189 1827 1389 1938 bavariae,
1410 1842 1545 1914 notum
1562 1833 1653 1917 facit
1697 1858 1844 1958 igme.

239 1961 425 2045 universis
438 1963 543 2072 quod
557 1987 644 2044 cum
659 1961 1161 2070 FridericuS,llomenorum
1175 1973 1212 2044 et
1226 1962 1374 2046 Siciliae
1387 1990 1468 2072 rex,
1478 1992 1547 2075 pro
1561 1995 1653 2076 poce
1827 1945 1831 1954 ⁸

237 2094 481 2179 reformanda
508 2103 546 2177 et
574 2095 758 2204 sopienda
782 2095 972 2178 discordia
999 2121 1098 2204 quae
1124 2093 1249 2178 suerat
1270 2095 1370 2178 inter
1391 2097 1597 2182 Ecclesiam
1616 2113 1653 2184 et

238 2229 460 2339 imperium,
485 2231 682 2313 occasione
704 2230 960 2340 quarumdam
988 2227 1217 2312 abusionum
1244 2240 1281 2312 et
1306 2233 1590 2339 possessionum
1618 2247 1655 2319 et

240 2363 403 2447 aliorum
417 2362 564 2474 jurium
582 2364 822 2446 detentorum
842 2373 879 2444 et
893 2373 1162 2471 occupatorum
1182 2389 1249 2472 per
1268 2366 1457 2473 quosdam
1479 2367 1654 2477 imperc-

238 2505 339 2581 tores
357 2507 395 2580 et
413 2524 521 2610 reges
539 2497 847 2606 praedecessores
869 2495 971 2606 regis
993 2496 1195 2604 praedicti,
1216 2496 1264 2578 de
1287 2497 1481 2581 voluntate
1499 2511 1536 2582 et
1553 2526 1655 2584 con-

240 2657 353 2714 sensu
372 2631 491 2740 ipsius
513 2633 621 2714 ducis
639 2629 827 2712 remiserit
844 2637 882 2712 et
899 2629 1125 2711 concesserit
1145 2655 1213 2738 per
1236 2631 1397 2740 speciale
1413 2633 1655 2745 privilegium

240 2765 396 2849 domino
423 2764 642 2847 Innocentio
660 2789 781 2873 papae
798 2763 1055 2872 possessiones
1073 2774 1110 2844 et
1129 2763 1204 2845 alia
1223 2765 1459 2875 supradicta,
1480 2767 1559 2877 ipse
1577 2768 1656 2850 dux

240 2898 482 3010 priuilegium
500 2898 603 2980 istud
622 2895 808 3006 approbat
825 2907 862 2979 et
879 2895 1080 2980 confirmat
1099 2895 1116 3006 (
1143 2895 1174 3006 ).

321 3113 500 3195 (Memomt.
520 3133 569 3192 up.
589 3115 740 3176 Murmur
760 3119 790 3175 ot
808 3115 952 3194 Dounon,
965 3110 1101 3194 emptos.
1126 3111 1241 3189 cluet,
1257 3122 1281 3177 t.
1297 3115 1343 3190 11,
1359 3134 1389 3193 p.
1409 3125 1555 3196 124²,ex
1573 3126 1657 3179 tran-

360 3225 485 3300 sumptis
499 3237 567 3284 ann.
589 3231 665 3283 4245
683 3215 852 3283 ln'conclllo
868 3219 1061 3300 Lugdunensl
1081 3221 1182 3294 foetis,
1197 3239 1323 3300 quorum
1339 3227 1532 3286 summarlum
1546 3242 1584 3286 ex
1598 3226 1655 3288 Ot-

359 3329 481 3391 toblcno
494 3330 594 3390 oodloe
607 3327 772 3406 exhibent.)

289 3519 415 3590 Datum
432 3517 639 3610 Wormutie‚
659 3517 688 3588 ll
706 3536 816 3588 nouas
833 3513 999 3605 octobris,
1021 3513 1209 3586 indictione
1227 3515 1256 3586 ll
1275 3513 1340 3611 (2).

278 3823 313 3894 (t)
330 3821 390 3880 Non
404 3819 579 3878 dubitandum
593 3819 659 3893 quin
671 3835 721 3894 psr
733 3818 786 3876 hoc
799 3819 1007 3878 instnrmentum
1020 3817 1074 3876 dux
1087 3819 1213 3876 urracae
1227 3835 1276 3894 pro
1289 3825 1368 3893 porte
1378 3835 1427 3878 sua
1440 3825 1656 3886 constitutionem

241 3919 312 3993 opud
323 3919 421 3992 ligram
432 3918 531 3976 editam
542 3918 752 3988 confirmaverit,
769 3919 846 3993 cujus
865 3917 1017 3992 exemptum
1031 3918 1129 3976 caeteri
1140 3918 1276 3993 principos
1287 3923 1351 3976 tunc
1363 3920 1440 3993 sequi
1452 3921 1614 3997 debuerunt;
1628 3936 1657 3984 ut

241 4015 313 4075 clerc
329 4022 420 4074 monet
441 4015 524 4074 ultera
543 4014 709 4074 confirmatio
722 4018 757 4074 23
775 4015 864 4090 aprilis
878 4017 947 4074 4220
960 4015 996 4074 ab
1007 4015 1110 4075 eisdem
1128 4016 1204 4088 dcto,
1223 4032 1305 4092 super
1322 4018 1510 4077 constitutione
1527 4020 1656 4096 imperiali

241 4121 372 4174 renovata
386 4115 457 4189 apud
468 4115 627 4188 llegueneu,
642 4113 788 4188 septembri
800 4115 881 4171 4249.

279 4215 317 4287 (2)
334 4215 418 4272 Notus
426 4211 626 4286 cbmnologicas
638 4211 761 4269 addimus
775 4227 809 4268 ex
820 4212 980 4282 liemon,
995 4211 1091 4286 Antip.
1102 4212 1169 4268 Ital.
1181 4212 1251 4270 nied.
1262 4215 1340 4282 ccvi,
1351 4219 1373 4272 t.
1383 4213 1420 4272 vt
1427 4255 1434 4285 ,
1445 4231 1473 4289 p.
1485 4218 1529 4286 85,
1541 4221 1656 4290 etprae-

242 4311 321 4385 cipuc
334 4327 369 4368 ex
382 4310 485 4368 Archiv
499 4308 548 4367 der
565 4307 740 4382 pesellscltost
759 4309 809 4382 fiir
821 4307 875 4364 alt.
888 4308 974 4366 deute.
989 4309 1091 4382 pesclu,
1107 4315 1128 4366 t.
1139 4309 1200 4380 vll,
1215 4327 1244 4384 p.
1255 4315 1300 4368 30.
1315 4311 1419 4370 Titulus
1433 4313 1539 4372 comitis
1549 4313 1657 4388 palatini

242 4407 329 4466 libeni
341 4424 422 4482 quem
435 4408 488 4466 sibi
498 4408 552 4466 dux
564 4407 691 4466 liceuriae
703 4405 840 4478 adscribit,
847 4405 991 4464 secmdom
1003 4405 1174 4464 indictionem
1184 4405 1222 4464 ibi
1230 4421 1387 4482 expressam
1399 4425 1470 4468 enno
1483 4413 1553 4470 4244
1568 4413 1659 4485 potius

241 4522 324 4582 quam
338 4509 408 4566 4243
423 4505 626 4564 anscnuendem
638 4521 698 4564 esso
710 4505 886 4564 demonstret.
