4434 5942
277 561 377 624 burm.
393 556 437 640 a]
726 551 924 616 HISTORIA
948 553 1239 618 otruottaulca
1649 555 1689 616 37

276 692 399 768 nititur
415 691 609 788 opprimere
626 687 849 783 christianos,
868 687 1042 764 universis
1062 691 1330 786 procedentibus
1349 699 1467 763 contra
1489 710 1549 762 eos
1571 689 1609 762 in
1625 690 1691 764 bac

275 816 431 912 nequitia
453 814 681 912 perdurantes
701 813 795 886 illam
816 813 1038 888 concedimus
1057 816 1196 889 veniam
1211 823 1432 911 peccatorum
1450 837 1555 908 quam
1573 815 1610 886 in
1626 813 1688 888 de·

276 941 466 1016 sensionem
486 947 575 1010 terre
592 935 768 1009 orientalis
783 938 1081 1012 transfretantibus
1097 937 1333 1034 indulgemus.
1350 939 1415 1012 Per
1429 937 1581 1011 Siciliam
1598 937 1689 1010 euim

275 1063 456 1138 subveniri
472 1059 609 1134 lucilius
628 1060 752 1156 poterit
766 1061 867 1134 Terre
883 1063 1018 1155 Sancte,
1040 1063 1156 1158 quasi
1172 1063 1268 1157 qnod
1280 1063 1371 1136 absit
1390 1063 1427 1134 in
1443 1064 1691 1136 Saracenorum

276 1187 462 1285 potentiam
482 1183 680 1276 deveniret,
701 1182 798 1257 nulla
817 1183 864 1258 de
883 1193 997 1258 cetero
1013 1185 1263 1280 recuperationi
1284 1182 1592 1280 Hierosolymitane
1606 1205 1691 1280 pro-

276 1311 393 1386 vincie
411 1308 540 1384 fiducia
554 1315 758 1380 remaneret.
775 1307 846 1380 Nos
865 1316 981 1382 antem
997 1307 1162 1382 dilectum
1183 1306 1294 1380 lilium
1309 1309 1346 1380 C.
1366 1307 1457 1380 tituli
1470 1307 1586 1381 Sancti
1601 1309 1691 1380 Lau·

275 1437 376 1510 rentii
392 1436 428 1506 iu
443 1433 573 1508 Lucina
589 1431 825 1530 presbyterum
843 1432 1066 1521 cardinalem,
1077 1431 1270 1528 Apostolice
1282 1431 1382 1506 Sedis
1395 1433 1562 1528 legatum,
1580 1446 1616 1505 et
1630 1451 1692 1504 ve·

277 1559 450 1634 nerabiles
468 1559 590 1632 iratres
615 1565 749 1630 nostros
773 1556 1035 1652 Neapolitanum
1053 1566 1088 1630 et
1108 1557 1329 1630 Tarentinum
1346 1555 1399 1652 (l)
1417 1557 1692 1653 archiepiscopos

278 1685 315 1758 iu
336 1683 435 1778 regui
459 1680 655 1755 subsidium
679 1701 759 1752 cnm
782 1680 921 1776 copioso
936 1681 1091 1754 exercitu
1116 1680 1340 1754 destinamus.
1358 1682 1563 1754 Mementote
1585 1681 1691 1776 igitur

278 1805 454 1904 opprobrii
473 1805 577 1880 totitas
590 1804 688 1898 regni
704 1804 800 1899 quod
816 1805 954 1878 vobisa
971 1805 1104 1878 cunctis
1124 1806 1285 1900 gentbus
1300 1805 1541 1903 exprobratur,
1560 1805 1691 1878 scilicet

277 1931 374 2028 quod
392 1931 494 2004 citius
510 1939 619 2004 totum
639 1951 786 2024 regnum
805 1929 908 2002 luerit
923 1939 1131 2026 occupatum
1149 1950 1255 2025 quam
1273 1951 1343 2002 una
1362 1929 1470 2002 soleat
1487 1928 1608 2002 civitas
1624 1951 1690 2003 oc-

279 2056 413 2152 cupari.
423 2054 517 2142 Quid
529 2075 613 2148 ergo
627 2053 762 2127 dicetur
773 2052 819 2127 da
834 2075 935 2128 servo
949 2075 1030 2128 cum
1049 2053 1094 2128 do
1109 2055 1250 2129 domino
1261 2053 1298 2128 id
1314 2053 1472 2128 dicatur?
1485 2053 1588 2128 Eritis
1598 2054 1690 2127 enim

277 2180 324 2254 de
341 2189 467 2272 cetero,
488 2179 555 2252 nisi
573 2177 722 2252 fideliter
745 2179 936 2274 persistatis
950 2189 985 2252 et
1009 2181 1175 2254 resistatis
1200 2189 1368 2276 poonm,
1389 2179 1611 2276 opprobrium
1627 2178 1689 2254 bo·

277 2305 412 2378 minum
429 2313 464 2378 et
480 2303 627 2397 abiectio
642 2302 756 2399 plebis
772 2313 807 2378 et
821 2302 1011 2378 ludibrium
1028 2305 1183 2398 gentium
1202 2313 1237 2378 et
1255 2305 1372 2378 subula
1388 2305 1607 2400 populorum.

327 2430 452 2502 Datum
469 2427 643 2518 late-aui,
661 2427 738 2502 lllll
755 2425 923 2502 kalendas
940 2427 1151 2520 decembris,
1173 2449 1265 2502 anno
1282 2427 1501 2526 pontificatus
1519 2428 1685 2504 mundo.

330 3007 571 3094 Innocentius
589 3039 688 3124 papa
705 3015 902 3101 universos
920 3017 1128 3104 Saracenos
1146 3021 1187 3102 in
1206 3019 1333 3104 Sicilia
1350 3023 1574 3108 constitutos
1592 3027 1689 3110 hor·
1745 3049 1861 3156 ppgppp

276 3151 379 3226 tatur
396 3153 440 3226 ut
456 3144 497 3226 in
514 3144 694 3229 fidelitate
711 3145 890 3232 Friderici
912 3151 1013 3261 regis
1034 3163 1283 3261 permaneant
1298 3181 1422 3265 neque
1440 3183 1550 3242 aures
1572 3185 1688 3268 prae-
1742 3159 1868 3214 wll·

277 3273 395 3358 beant
409 3277 627 3364 Marcuuldo
645 3279 712 3390 qui
736 3282 860 3366 cosin
886 3309 975 3366 suas
992 3295 1119 3394 partes
1137 3288 1315 3372 seducere
1332 3288 1484 3398 nititur3
1502 3295 1686 3378 conside·
1843 3317 1846 3324 ·

278 3421 363 3492 rent
388 3412 492 3520 quod
518 3412 589 3496 iste
619 3413 722 3522 ipsos
753 3425 885 3524 postea
915 3418 1059 3501 crudeli
1089 3421 1290 3530 tyrannide
1320 3424 1508 3533 opprimet
1537 3427 1686 3512 sivein

278 3567 417 3628 manus
436 3543 738 3631 Christianorum
755 3549 1105 3660 crucesignatorum
1121 3555 1258 3638 madet.
1268 3555 1409 3640 Contra
1425 3569 1552 3642 autem
1567 3571 1689 3647 atten-

277 3677 371 3760 dant
387 3681 721 3764 mansuetudinem
737 3681 976 3792 Apostolieae
1001 3686 1109 3770 Sedis
1135 3713 1234 3798 quae
1261 3689 1364 3797 ipsos
1390 3692 1430 3774 in
1458 3693 1569 3778 bonis
1586 3723 1687 3784 cou-

278 3811 541 3896 suetudinibus
555 3814 638 3897 vult
655 3841 807 3926 augere.

360 4026 454 4108 (Edit.
469 4030 501 4090 ln
513 4030 609 4110 Epiri.
625 4031 774 4098 Iaaoccrtt.
788 4034 844 4112 111,
859 4035 913 4098 bb.
926 4037 967 4114 11,
981 4047 1015 4098 u⁰
1027 4046 1101 4113 ²26,
1116 4054 1165 4118 ap.
1180 4038 1311 4116 Bauuzs,
1325 4047 1350 4102 t.
1366 4043 1392 4116 Ι,
1408 4061 1439 4122 p.
1454 4045 1539 4124 489.)

329 4213 562 4310 innocentius,
577 4227 662 4310 etc,
676 4221 848 4295 universis
863 4225 1041 4298 Saracenis
1055 4224 1089 4298 in
1107 4226 1221 4300 Sicilia
1237 4227 1444 4322 constitutis,
1456 4229 1492 4301 in
1505 4229 1690 4305 devotione

280 4347 396 4412 nostra
419 4349 454 4414 et
475 4340 639 4417 fidelitate
661 4346 756 4440 regia
779 4369 992 4443 permanere.
1019 4349 1109 4424 Eum
1132 4373 1196 4426 vos
1217 4351 1417 4425 audivimus
1442 4361 1477 4426 et
1498 4355 1691 4448 gaudemus

282 4501 426 4516 ——

318 4591 356 4666 (t)
374 4593 414 4652 Cl.
437 4595 576 4669 epistolam
597 4599 718 4672 ejusdem
738 4600 798 4658 libri
818 4615 849 4658 ιιο
861 4606 925 4675 tto,
939 4603 993 4662 dat.
1014 4605 1225 4678 Laterani,vlll
1246 4607 1307 4664 idus
1330 4607 1485 4667 novembris
1499 4610 1526 4686 (6
1540 4611 1690 4686 novemb.);

280 4705 335 4762 qua
349 4707 420 4768 papa
431 4694 632 4771 archiepiscopo
647 4697 790 4757 Tarentino
800 4700 910 4759 mando
923 4706 954 4758 ut
966 4703 1058 4777 copias
1070 4703 1097 4760 in
1111 4720 1268 4765 succursum
1280 4705 1386 4766 Siciliae
1399 4707 1507 4784 colligat
1519 4715 1548 4766 et
1557 4715 1693 4768 mereat.
