4434 5942
292 557 450 637 treme]
739 533 1254 619 ursronrn'nrrnouarrca.
1650 554 1704 627 ,or

291 695 493 786 mationem,
513 691 544 766 si
562 709 702 788 presens
719 691 839 782 luerit;
854 693 884 766 si
900 713 985 768 vero
996 693 1124 768 absens
1138 691 1259 783 fuerit,
1282 691 1371 766 infra
1384 691 1547 766 terminos
1556 693 1650 784 J‘uste
1668 701 1705 766 et

289 818 535 894 rationabiliter
552 817 753 892 statuendos
770 817 846 892 siue
862 818 996 892 lmu'de.
1012 819 1088 892 Nou
1107 817 1216 913 possit
1239 817 1366 912 uliquis
1390 819 1575 892 leunensis
1590 839 1704 914 usque

290 943 336 1020 ds
351 943 509 1018 districtu
527 943 638 1016 tanus
656 941 855 1038 supradicto
876 942 956 1039 oapi
981 943 1038 1018 vel
1062 943 1145 1038 poni
1169 943 1207 1015 iu
1229 963 1366 1016 carcere
1383 941 1429 1018 de
1445 943 1575 1016 offensa
1597 963 1704 1037 quum

291 1069 483 1165 appellatus
504 1066 565 1158 sit,
583 1066 669 1140 dum
686 1066 792 1161 possit
802 1065 887 1142 dare
899 1064 1137 1160 fideiussorem
1149 1065 1315 1141 idoneum
1330 1065 1444 1140 standi
1458 1066 1505 1140 ud
1521 1067 1702 1142 rationem.

278 1194 327 1276 ,si
341 1214 426 1266 vero
445 1191 634 1264 criminalis
650 1191 696 1264 sit
710 1191 854 1282 offensu,
873 1200 957 1264 tunc
972 1191 1165 1266 secundum
1185 1188 1471 1268 consuetudinem
1485 1192 1583 1286 regui
1597 1192 1707 1288 possit

293 1317 376 1392 iude
399 1318 512 1392 iacere
527 1317 585 1390 vel
599 1314 757 1407 jndicem
773 1315 898 1410 regulis
914 1316 1012 1389 curin
1027 1325 1156 1390 nostra.
1178 1315 1215 1388 Si
1230 1336 1314 1390 uero
1329 1324 1468 1412 pactum
1491 1317 1597 1392 istum
1619 1319 1707 1391 torte

293 1453 328 1518 st
342 1442 598 1516 concessionem
617 1439 743 1536 aliquis
762 1440 1015 1538 perturbaverit
1031 1441 1067 1514 iu
1085 1441 1203 1537 aliquo
1224 1441 1282 1516 vel
1301 1439 1468 1516 offensam
1495 1442 1615 1516 fecerit
1635 1427 1707 1538 q'uu

292 1569 566 1662 conturbaretur,
581 1589 652 1642 uon
666 1575 846 1664 propterea
866 1568 933 1642 beo
953 1567 1070 1642 omnia
1087 1567 1203 1640 miuus
1221 1566 1258 1640 iu
1275 1587 1340 1639 sno
1356 1567 1480 1640 robore
1503 1568 1703 1662 consistant,

280 1693 405 1774 donec
419 1694 613 1770 secundnm
633 1692 731 1788 quod
753 1692 790 1764 iu
813 1701 915 1790 puoto
934 1692 1134 1794 continetur·
1144 1689 1399 1766 emendabitur.
1414 1691 1492 1776 Quo
1506 1691 1703 1787 emendato,

293 1819 359 1894 bec
374 1818 490 1892 omniu
510 1813 668 1892 similiter
683 1815 782 1890 firma
799 1825 834 1890 et
855 1817 1020 1892 inviolata
1045 1823 1282 1912 permaneant.
1299 1815 1486 1890 Universos
1508 1823 1625 1892 subm
1645 1819 1707 1892 Ju-

278 1963 442 2018 nuenses
462 1952 499 2016 et
514 1942 560 2016 ds
579 1941 736 2016 districtu
760 1943 871 2016 Junue
894 1941 1093 2038 supradicto
1116 1941 1179 2036 qui
1202 1941 1240 2013 iu
1263 1949 1334 2016 toto
1359 1961 1466 2036 regno
1489 1951 1525 2015 et
1551 1942 1706 2017 dominio

293 2076 409 2142 nostro
427 2067 464 2140 iu
481 2066 632 2140 vinculis
648 2063 858 2156 detinentur,
874 2066 1040 2161 iubemus
1055 2065 1202 2140 absolvi.
1221 2064 1279 2140 Ad
1304 2065 1408 2160 hujus
1430 2074 1545 2140 numm
1565 2087 1705 2142 conces·

278 2191 400 2266 sionis
427 2199 462 2265 ot
493 2189 747 2266 constitutionis
778 2199 894 2266 nostro
924 2190 1125 2266 memorium
1150 2198 1186 2262 et
1210 2189 1411 2264 inuiolabile
1430 2189 1703 2284 firmamentum,

292 2335 435 2413 presens
451 2315 672 2412 privilegium
696 2337 759 2411 per
783 2337 907 2390 munus
920 2315 1059 2390 Milonis
1073 2314 1119 2388 de
1132 2315 1276 2388 Tercilio
1295 2314 1355 2414 (l),
1383 2317 1506 2390 uotmfi
1529 2325 1564 2392 et
1592 2316 1707 2393 fidelis

292 2440 414 2536 nostri,
435 2439 541 2520 scribi
555 2449 591 2514 et
604 2440 792 2533 mqustatis
807 2450 923 2514 nostis
934 2441 1047 2535 sigillo
1062 2440 1344 2532 aureolussimus
1359 2443 1582 2532 communiri,
1598 2465 1703 2540 auno,

292 2585 410 2639 mense
423 2574 459 2638 et
471 2564 660 2638 indictione
673 2564 888 2661 subscriptis.

341 2691 467 2764 Datum
493 2691 530 2764 iu
557 2691 645 2764 urbe
665 2690 758 2764 felici
779 2691 939 2766 Panormi
955 2712 1018 2786 per
1034 2713 1159 2766 munus
1173 2691 1339 2766 Gualterii
1363 2692 1462 2786 regui
1486 2691 1601 2766 Sicilie
1623 2713 1707 2766 cen-

292 2813 439 2906 cellarii,
463 2835 556 2890 anuo
573 2813 746 2888 dominice
763 2815 1008 2890 iuonmatiouis
1026 2816 1209 2890 millesimo
1231 2815 1483 2905 ducentesimo,
1503 2837 1622 2890 meuse
1639 2815 1708 2890 dc-

291 2937 456 3030 cembris,
475 2947 599 3034 quarte
612 2939 830 3028 indictionis,
848 2940 946 3036 regui
964 2963 1048 3016 vero
1063 2941 1197 3016 domiui
1213 2943 1320 3016 nostri
1341 2941 1505 3016 friderici
1519 2942 1582 3015 Dei
1596 2941 1707 3038 gratia

292 3061 512 3136 illustrissimi
529 3065 622 3160 regis
637 3045 767 3156 Sicilie,
784 3065 934 3146 ducatus
948 3065 1076 3164 Apulie
1090 3081 1126 3144 et
1142 3068 1358 3165 principatus
1377 3067 1512 3166 Cupue,
1529 3089 1622 3143 nuno
1636 3075 1706 3142 ter·

291 3185 352 3280 tio,
368 3186 524 3261 feliciter.
542 3187 667 3264 Amen.

341 3715 553 3802 Fridericus
571 3745 639 3802 rex
659 3718 807 3804 Siciliae
826 3717 955 3804 nbbsti
973 3718 1102 3806 Sancti
1120 3720 1302 3834 Stephani
1319 3725 1368 3810 de
1385 3725 1546 3812 Nemore
1563 3736 1600 3812 et
1618 3755 1706 3812 suc
1740 3747 1903 3844 hpgprgpffl

289 3849 502 3933 cessodbus
524 3849 607 3964 ejus
625 3853 797 3938 concedit
812 3862 850 3937 et
866 3863 1047 3964 perpetuo
1066 3855 1266 3940 coufirmat
1283 3859 1459 3944 universa
1475 3863 1702 3974 tenimenta,
1761 3832 1880 3900 nmen·

287 3984 545 4092 possessiones
563 3996 601 4070 et
617 3985 747 4070 omnin
765 3986 840 4070 ulie
852 4015 952 4098 quus
968 3989 1007 4070 in
1025 3989 1166 4074 Polieio
1183 4001 1220 4074 et
1237 3992 1453 4078 tenimentis
1471 3995 1591 4106 ipsius
1608 4022 1703 4080 mo-

290 4117 499 4201 nasterium
518 4119 621 4203 istud
634 4119 740 4231 justo
757 4121 869 4205 titulo
886 4133 988 4206 tenet
1003 4132 1040 4208 et
1057 4125 1237 4233 possidet.

368 4305 478 4382 (Edidit
490 4308 631 4384 Taounr,
647 4309 748 4372 Stoi-ia
766 4307 815 4372 dcl
832 4307 896 4374 ord.
914 4311 1098 4388 Carturinno,
1114 4319 1135 4375 t
1153 4313 1193 4390 V,
1208 4316 1333 4393 append
1349 4335 1380 4396 p.
1399 4327 1455 4395 εις
1473 4319 1541 4380 coll.
1556 4335 1626 4382 cum
1638 4323 1701 4384 orl-

363 4429 368 4442 ·
406 4413 498 4582 {usli
518 4415 551 4474 ln
571 4417 652 4494 regio
671 4418 794 4496 Neapol.
809 4419 930 4481 umhlvo
942 4420 1022 4498 apud
1035 4419 1067 4482 S.
1086 4419 1270 4487 Sevmlnum.
1286 4425 1423 4505 Sigillum
1436 4427 1517 4505 quod
1529 4435 1592 4491 erut
1604 4430 1702 4508 plum-

444 4537 497 4584 um
509 4538 591 4584 nunc
601 4523 707 4604 deest.)

333 4679 371 4752 ln
389 4682 529 4758 numine
543 4685 607 4759 Dei
624 4687 732 4760 eterni
748 4697 784 4762 ct
799 4689 985 4765 salvatoris
1003 4691 1110 4765 nostri
1122 4691 1227 4766 Jbesu
1246 4693 1386 4791 Christi,
1401 4711 1516 4773 amen.
1532 4699 1698 4774 Frederi-
