<?xml version="1.0" encoding="UTF-8"?>
<!DOCTYPE html PUBLIC "-//W3C//DTD XHTML 1.0 Transitional//EN"
    "http://www.w3.org/TR/xhtml1/DTD/xhtml1-transitional.dtd">
<html xmlns="http://www.w3.org/1999/xhtml" xml:lang="en" lang="en">
 <head>
  <title>
</title>
<meta http-equiv="Content-Type" content="text/html;charset=utf-8" />
  <meta name='ocr-system' content='tesseract 3.04.00' />
  <meta name='ocr-capabilities' content='ocr_page ocr_carea ocr_par ocr_line ocrx_word'/>
</head>
<body>
  <div class='ocr_page' id='page_1' title='image "./historiadiploma06fredgoog_0271.png"; bbox 0 0 4334 5980; ppageno 0'>
   <div class='ocr_carea' id='block_1_1' title="bbox 539 565 1952 652">
    <p class='ocr_par' dir='ltr' id='par_1_1' title="bbox 539 565 1952 652">
     <span class='ocr_line' id='line_1_1' title="bbox 539 565 1952 652; baseline 0.006 -24"><span class='ocrx_word' id='word_1_1' title='bbox 539 565 600 628; x_wconf 73' lang='lat'><strong>252</strong></span> <span class='ocrx_word' id='word_1_2' title='bbox 1040 571 1256 634; x_wconf 77' lang='lat' dir='ltr'><strong>vutouutct</strong></span> <span class='ocrx_word' id='word_1_3' title='bbox 1282 571 1454 634; x_wconf 70' lang='lat' dir='ltr'><strong>saeuum</strong></span> <span class='ocrx_word' id='word_1_4' title='bbox 1765 573 1847 652; x_wconf 71' lang='lat' dir='ltr'><strong>[Asu.</strong></span> <span class='ocrx_word' id='word_1_5' title='bbox 1866 573 1952 636; x_wconf 75' lang='lat'>1213.</span> 
     </span>
    </p>
   </div>
   <div class='ocr_carea' id='block_1_2' title="bbox 546 699 1957 930">
    <p class='ocr_par' dir='ltr' id='par_1_2' title="bbox 546 699 1957 930">
     <span class='ocr_line' id='line_1_2' title="bbox 546 699 1955 804; baseline 0.004 -28"><span class='ocrx_word' id='word_1_6' title='bbox 546 699 707 798; x_wconf 78' lang='lat' dir='ltr'>predium</span> <span class='ocrx_word' id='word_1_7' title='bbox 735 725 838 776; x_wconf 91' lang='lat' dir='ltr'><strong>suum</strong></span> <span class='ocrx_word' id='word_1_8' title='bbox 864 707 1024 780; x_wconf 90' lang='lat' dir='ltr'><strong>Snabach</strong></span> <span class='ocrx_word' id='word_1_9' title='bbox 1053 725 1146 780; x_wconf 73' lang='lat' dir='ltr'><strong>cum‘</strong></span> <span class='ocrx_word' id='word_1_10' title='bbox 1160 707 1324 782; x_wconf 78' lang='lat' dir='ltr'><strong>attinente</strong></span> <span class='ocrx_word' id='word_1_11' title='bbox 1348 706 1530 804; x_wconf 82' lang='lat' dir='ltr'><strong>parrochia</strong></span> <span class='ocrx_word' id='word_1_12' title='bbox 1553 714 1589 779; x_wconf 90' lang='lat' dir='ltr'><strong>ct</strong></span> <span class='ocrx_word' id='word_1_13' title='bbox 1612 707 1775 781; x_wconf 91' lang='lat' dir='ltr'><strong>omnibns</strong></span> <span class='ocrx_word' id='word_1_14' title='bbox 1800 707 1955 801; x_wconf 88' lang='lat' dir='ltr'><strong>ejusdem</strong></span> 
     </span>
     <span class='ocr_line' id='line_1_3' title="bbox 547 827 1957 930; baseline 0.006 -32"><span class='ocrx_word' id='word_1_15' title='bbox 547 827 729 922; x_wconf 79' lang='lat' dir='ltr'><strong>parrochie</strong></span> <span class='ocrx_word' id='word_1_16' title='bbox 755 829 969 924; x_wconf 88' lang='lat' dir='ltr'><strong>pertinentiis</strong></span> <span class='ocrx_word' id='word_1_17' title='bbox 995 853 1164 907; x_wconf 88' lang='lat' dir='ltr'><strong>consensu</strong></span> <span class='ocrx_word' id='word_1_18' title='bbox 1192 843 1227 907; x_wconf 92' lang='lat' dir='ltr'><strong>et</strong></span> <span class='ocrx_word' id='word_1_19' title='bbox 1254 831 1496 930; x_wconf 80' lang='lat' dir='ltr'><strong>astipulatione</strong></span> <span class='ocrx_word' id='word_1_20' title='bbox 1515 829 1666 905; x_wconf 89' lang='lat' dir='ltr'><strong>Conradi</strong></span> <span class='ocrx_word' id='word_1_21' title='bbox 1689 841 1773 905; x_wconf 90' lang='lat' dir='ltr'><strong>tunc</strong></span> <span class='ocrx_word' id='word_1_22' title='bbox 1796 834 1957 930; x_wconf 86' lang='lat' dir='ltr'><strong>temporis</strong></span> 
     </span>
    </p>
   </div>
   <div class='ocr_carea' id='block_1_3' title="bbox 547 950 1958 4403">
    <p class='ocr_par' dir='ltr' id='par_1_3' title="bbox 547 950 1958 3657">
     <span class='ocr_line' id='line_1_4' title="bbox 547 950 1956 1052; baseline 0.005 -28"><span class='ocrx_word' id='word_1_23' title='bbox 547 950 745 1026; x_wconf 85' lang='lat' dir='ltr'><strong>Eisteteneis</strong></span> <span class='ocrx_word' id='word_1_24' title='bbox 766 953 919 1052; x_wconf 89' lang='lat' dir='ltr'><strong>episcopi</strong></span> <span class='ocrx_word' id='word_1_25' title='bbox 937 957 974 1029; x_wconf 93' lang='lat' dir='ltr'><strong>in</strong></span> <span class='ocrx_word' id='word_1_26' title='bbox 995 978 1081 1030; x_wconf 89' lang='lat' dir='ltr'><strong>usne</strong></span> <span class='ocrx_word' id='word_1_27' title='bbox 1101 959 1246 1030; x_wconf 89' lang='lat' dir='ltr'><strong>coutnlit</strong></span> <span class='ocrx_word' id='word_1_28' title='bbox 1266 955 1531 1032; x_wconf 85' lang='lat' dir='ltr'><strong>llberaceneinm</strong></span> <span class='ocrx_word' id='word_1_29' title='bbox 1554 956 1708 1029; x_wconf 79' lang='lat' dir='ltr'><strong>fratrum.</strong></span> <span class='ocrx_word' id='word_1_30' title='bbox 1728 957 1849 1032; x_wconf 85' lang='lat' dir='ltr'><strong>Postea</strong></span> <span class='ocrx_word' id='word_1_31' title='bbox 1873 980 1956 1032; x_wconf 89' lang='lat' dir='ltr'><strong>vero</strong></span> 
     </span>
     <span class='ocr_line' id='line_1_5' title="bbox 547 1074 1955 1176; baseline 0.003 -30"><span class='ocrx_word' id='word_1_32' title='bbox 547 1095 629 1148; x_wconf 89' lang='lat' dir='ltr'><strong>num</strong></span> <span class='ocrx_word' id='word_1_33' title='bbox 645 1074 739 1148; x_wconf 91' lang='lat' dir='ltr'><strong>idem</strong></span> <span class='ocrx_word' id='word_1_34' title='bbox 753 1077 873 1150; x_wconf 82' lang='lat' dir='ltr'><strong>fratrea</strong></span> <span class='ocrx_word' id='word_1_35' title='bbox 886 1079 959 1171; x_wconf 84' lang='lat' dir='ltr'><strong>jam</strong></span> <span class='ocrx_word' id='word_1_36' title='bbox 980 1079 1073 1154; x_wconf 92' lang='lat' dir='ltr'><strong>dicte</strong></span> <span class='ocrx_word' id='word_1_37' title='bbox 1089 1081 1233 1154; x_wconf 85' lang='lat' dir='ltr'><strong>ecclesie</strong></span> <span class='ocrx_word' id='word_1_38' title='bbox 1252 1079 1502 1176; x_wconf 79' lang='lat' dir='ltr'><strong>possemiouem</strong></span> <span class='ocrx_word' id='word_1_39' title='bbox 1520 1077 1647 1170; x_wconf 88' lang='lat' dir='ltr'><strong>injuste</strong></span> <span class='ocrx_word' id='word_1_40' title='bbox 1660 1075 1855 1151; x_wconf 87' lang='lat' dir='ltr'><strong>amisissent</strong></span> <span class='ocrx_word' id='word_1_41' title='bbox 1871 1087 1906 1152; x_wconf 92' lang='lat' dir='ltr'><strong>et</strong></span> <span class='ocrx_word' id='word_1_42' title='bbox 1918 1080 1955 1150; x_wconf 90' lang='lat' dir='ltr'><strong>in</strong></span> 
     </span>
     <span class='ocr_line' id='line_1_6' title="bbox 548 1201 1956 1300; baseline 0.004 -29"><span class='ocrx_word' id='word_1_43' title='bbox 548 1207 751 1294; x_wconf 88' lang='lat' dir='ltr'><strong>potestatem</strong></span> <span class='ocrx_word' id='word_1_44' title='bbox 769 1201 884 1276; x_wconf 93' lang='lat' dir='ltr'><strong>dilecti</strong></span> <span class='ocrx_word' id='word_1_45' title='bbox 903 1203 1011 1300; x_wconf 90' lang='lat' dir='ltr'><strong>patris</strong></span> <span class='ocrx_word' id='word_1_46' title='bbox 1035 1204 1142 1277; x_wconf 83' lang='lat' dir='ltr'><strong>nostri</strong></span> <span class='ocrx_word' id='word_1_47' title='bbox 1165 1205 1316 1278; x_wconf 85' lang='lat' dir='ltr'><strong>Heinrici</strong></span> <span class='ocrx_word' id='word_1_48' title='bbox 1339 1203 1479 1296; x_wconf 82' lang='lat' dir='ltr'><strong>gloriosi</strong></span> <span class='ocrx_word' id='word_1_49' title='bbox 1496 1203 1725 1276; x_wconf 84' lang='lat' dir='ltr'><strong>Romanorum</strong></span> <span class='ocrx_word' id='word_1_50' title='bbox 1744 1203 1956 1299; x_wconf 88' lang='lat' dir='ltr'><strong>imperatoris</strong></span> 
     </span>
     <span class='ocr_line' id='line_1_7' title="bbox 548 1307 1956 1422; baseline 0.003 -26"><span class='ocrx_word' id='word_1_51' title='bbox 548 1323 757 1416; x_wconf 79' lang='lat' dir='ltr'><strong>devenisset,</strong></span> <span class='ocrx_word' id='word_1_52' title='bbox 774 1328 996 1420; x_wconf 81' lang='lat' dir='ltr'><strong>suggestione</strong></span> <span class='ocrx_word' id='word_1_53' title='bbox 1013 1326 1170 1401; x_wconf 88' lang='lat' dir='ltr'><strong>lidelinm</strong></span> <span class='ocrx_word' id='word_1_54' title='bbox 1189 1349 1331 1401; x_wconf 87' lang='lat' dir='ltr'><strong>snorum</strong></span> <span class='ocrx_word' id='word_1_55' title='bbox 1346 1327 1475 1422; x_wconf 88' lang='lat' dir='ltr'><strong>quibus</strong></span> <span class='ocrx_word' id='word_1_56' title='bbox 1492 1327 1538 1400; x_wconf 88' lang='lat' dir='ltr'><strong>ab</strong></span> <span class='ocrx_word' id='word_1_57' title='bbox 1555 1327 1637 1400; x_wconf 93' lang='lat' dir='ltr'><strong>olim</strong></span> <span class='ocrx_word' id='word_1_58' title='bbox 1653 1327 1704 1399; x_wconf 84' lang='lat' dir='ltr'><strong>rei</strong></span> <span class='ocrx_word' id='word_1_59' title='bbox 1717 1327 1845 1400; x_wconf 86' lang='lat' dir='ltr'><strong>veritas</strong></span> <span class='ocrx_word' id='word_1_60' title='bbox 1858 1307 1956 1400; x_wconf 60' lang='lat' dir='ltr'><strong>inno&#39;-</strong></span> 
     </span>
     <span class='ocr_line' id='line_1_8' title="bbox 550 1447 1957 1549; baseline 0.002 -30"><span class='ocrx_word' id='word_1_61' title='bbox 550 1447 634 1538; x_wconf 91' lang='lat' dir='ltr'><strong>tuit,</strong></span> <span class='ocrx_word' id='word_1_62' title='bbox 653 1449 816 1523; x_wconf 84' lang='lat' dir='ltr'><strong>iratribus</strong></span> <span class='ocrx_word' id='word_1_63' title='bbox 842 1451 909 1524; x_wconf 91' lang='lat' dir='ltr'><strong>illis</strong></span> <span class='ocrx_word' id='word_1_64' title='bbox 935 1451 1031 1548; x_wconf 88' lang='lat' dir='ltr'><strong>quod</strong></span> <span class='ocrx_word' id='word_1_65' title='bbox 1057 1453 1185 1546; x_wconf 91' lang='lat' dir='ltr'><strong>injuste</strong></span> <span class='ocrx_word' id='word_1_66' title='bbox 1213 1451 1436 1549; x_wconf 87' lang='lat' dir='ltr'><strong>perdiderant</strong></span> <span class='ocrx_word' id='word_1_67' title='bbox 1459 1451 1552 1544; x_wconf 81' lang='lat' dir='ltr'><strong>juste</strong></span> <span class='ocrx_word' id='word_1_68' title='bbox 1578 1450 1743 1541; x_wconf 81' lang='lat' dir='ltr'><strong>restituit3</strong></span> <span class='ocrx_word' id='word_1_69' title='bbox 1771 1451 1872 1542; x_wconf 85' lang='lat' dir='ltr'><strong>cujus</strong></span> <span class='ocrx_word' id='word_1_70' title='bbox 1895 1472 1957 1522; x_wconf 87' lang='lat' dir='ltr'><strong>sne</strong></span> 
     </span>
     <span class='ocr_line' id='line_1_9' title="bbox 548 1571 1955 1672; baseline -0.001 -26"><span class='ocrx_word' id='word_1_71' title='bbox 548 1571 774 1646; x_wconf 87' lang='lat' dir='ltr'><strong>restitutionis</strong></span> <span class='ocrx_word' id='word_1_72' title='bbox 791 1575 919 1669; x_wconf 87' lang='lat' dir='ltr'><strong>pariter</strong></span> <span class='ocrx_word' id='word_1_73' title='bbox 931 1585 966 1648; x_wconf 91' lang='lat' dir='ltr'><strong>et</strong></span> <span class='ocrx_word' id='word_1_74' title='bbox 982 1575 1126 1672; x_wconf 88' lang='lat' dir='ltr'><strong>pristine</strong></span> <span class='ocrx_word' id='word_1_75' title='bbox 1143 1574 1338 1650; x_wconf 89' lang='lat' dir='ltr'><strong>donationis</strong></span> <span class='ocrx_word' id='word_1_76' title='bbox 1356 1573 1652 1648; x_wconf 86' lang='lat' dir='ltr'><strong>confirmationem</strong></span> <span class='ocrx_word' id='word_1_77' title='bbox 1669 1574 1737 1646; x_wconf 88' lang='lat' dir='ltr'><strong>snb</strong></span> <span class='ocrx_word' id='word_1_78' title='bbox 1751 1572 1870 1647; x_wconf 90' lang='lat' dir='ltr'><strong>debite</strong></span> <span class='ocrx_word' id='word_1_79' title='bbox 1888 1573 1955 1647; x_wconf 91' lang='lat' dir='ltr'><strong>sol-</strong></span> 
     </span>
     <span class='ocr_line' id='line_1_10' title="bbox 547 1696 1956 1794; baseline -0.001 -26"><span class='ocrx_word' id='word_1_80' title='bbox 547 1696 756 1792; x_wconf 90' lang='lat' dir='ltr'><strong>lempnitatis</strong></span> <span class='ocrx_word' id='word_1_81' title='bbox 781 1699 1125 1794; x_wconf 85' lang='lat' dir='ltr'><strong>testimoniorumque</strong></span> <span class='ocrx_word' id='word_1_82' title='bbox 1149 1699 1343 1772; x_wconf 92' lang='lat' dir='ltr'><strong>coniventia</strong></span> <span class='ocrx_word' id='word_1_83' title='bbox 1365 1719 1427 1794; x_wconf 87' lang='lat' dir='ltr'><strong>per</strong></span> <span class='ocrx_word' id='word_1_84' title='bbox 1451 1697 1642 1794; x_wconf 88' lang='lat' dir='ltr'><strong>imperialia</strong></span> <span class='ocrx_word' id='word_1_85' title='bbox 1666 1705 1866 1770; x_wconf 86' lang='lat' dir='ltr'><strong>meruerunt</strong></span> <span class='ocrx_word' id='word_1_86' title='bbox 1888 1698 1956 1792; x_wconf 94' lang='lat' dir='ltr'><strong>pri·</strong></span> 
     </span>
     <span class='ocr_line' id='line_1_11' title="bbox 547 1819 1953 1918; baseline 0.001 -26"><span class='ocrx_word' id='word_1_87' title='bbox 547 1819 686 1914; x_wconf 89' lang='lat' dir='ltr'><strong>vilegia.</strong></span> <span class='ocrx_word' id='word_1_88' title='bbox 707 1821 777 1894; x_wconf 91' lang='lat' dir='ltr'><strong>Noe</strong></span> <span class='ocrx_word' id='word_1_89' title='bbox 795 1821 899 1914; x_wconf 91' lang='lat' dir='ltr'><strong>igitur</strong></span> <span class='ocrx_word' id='word_1_90' title='bbox 916 1843 979 1918; x_wconf 90' lang='lat' dir='ltr'><strong>per</strong></span> <span class='ocrx_word' id='word_1_91' title='bbox 995 1822 1110 1896; x_wconf 93' lang='lat' dir='ltr'><strong>omnia</strong></span> <span class='ocrx_word' id='word_1_92' title='bbox 1132 1823 1299 1896; x_wconf 81' lang='lat' dir='ltr'><strong>sactorum</strong></span> <span class='ocrx_word' id='word_1_93' title='bbox 1313 1843 1455 1896; x_wconf 88' lang='lat' dir='ltr'><strong>snorum</strong></span> <span class='ocrx_word' id='word_1_94' title='bbox 1471 1821 1618 1916; x_wconf 84' lang='lat' dir='ltr'><strong>vestigia</strong></span> <span class='ocrx_word' id='word_1_95' title='bbox 1639 1821 1764 1893; x_wconf 88' lang='lat' dir='ltr'><strong>imitari</strong></span> <span class='ocrx_word' id='word_1_96' title='bbox 1780 1821 1953 1908; x_wconf 85' lang='lat' dir='ltr'><strong>volentes,</strong></span> 
     </span>
     <span class='ocr_line' id='line_1_12' title="bbox 549 1941 1957 2041; baseline 0.001 -26"><span class='ocrx_word' id='word_1_97' title='bbox 549 1941 740 2040; x_wconf 88' lang='lat' dir='ltr'><strong>predictum</strong></span> <span class='ocrx_word' id='word_1_98' title='bbox 764 1945 925 2041; x_wconf 85' lang='lat' dir='ltr'><strong>predium</strong></span> <span class='ocrx_word' id='word_1_99' title='bbox 947 1949 1140 2022; x_wconf 92' lang='lat' dir='ltr'><strong>secundum</strong></span> <span class='ocrx_word' id='word_1_100' title='bbox 1159 1949 1304 2020; x_wconf 81' lang='lat' dir='ltr'><strong>sormam</strong></span> <span class='ocrx_word' id='word_1_101' title='bbox 1322 1946 1517 2021; x_wconf 89' lang='lat' dir='ltr'><strong>donationis</strong></span> <span class='ocrx_word' id='word_1_102' title='bbox 1537 1956 1573 2019; x_wconf 89' lang='lat' dir='ltr'><strong>et</strong></span> <span class='ocrx_word' id='word_1_103' title='bbox 1589 1943 1858 2020; x_wconf 83' lang='lat' dir='ltr'><strong>confirmationis</strong></span> <span class='ocrx_word' id='word_1_104' title='bbox 1874 1947 1957 2041; x_wconf 88' lang='lat' dir='ltr'><strong>ipsis</strong></span> 
     </span>
     <span class='ocr_line' id='line_1_13' title="bbox 550 2069 1957 2168; baseline -0.001 -27"><span class='ocrx_word' id='word_1_105' title='bbox 550 2089 763 2158; x_wconf 88' lang='lat' dir='ltr'><strong>concessam,</strong></span> <span class='ocrx_word' id='word_1_106' title='bbox 783 2090 847 2143; x_wconf 92' lang='lat' dir='ltr'><strong>nos</strong></span> <span class='ocrx_word' id='word_1_107' title='bbox 871 2070 1028 2144; x_wconf 89' lang='lat' dir='ltr'><strong>similiter</strong></span> <span class='ocrx_word' id='word_1_108' title='bbox 1054 2072 1139 2168; x_wconf 86' lang='lat' dir='ltr'><strong>ipsis</strong></span> <span class='ocrx_word' id='word_1_109' title='bbox 1163 2093 1234 2145; x_wconf 90' lang='lat' dir='ltr'><strong>una</strong></span> <span class='ocrx_word' id='word_1_110' title='bbox 1257 2095 1338 2145; x_wconf 93' lang='lat' dir='ltr'><strong>cum</strong></span> <span class='ocrx_word' id='word_1_111' title='bbox 1363 2072 1529 2144; x_wconf 88' lang='lat' dir='ltr'><strong>attinente</strong></span> <span class='ocrx_word' id='word_1_112' title='bbox 1549 2069 1730 2166; x_wconf 88' lang='lat' dir='ltr'><strong>parrochia</strong></span> <span class='ocrx_word' id='word_1_113' title='bbox 1753 2091 1817 2166; x_wconf 90' lang='lat' dir='ltr'><strong>par</strong></span> <span class='ocrx_word' id='word_1_114' title='bbox 1844 2069 1957 2142; x_wconf 87' lang='lat' dir='ltr'><strong>omnia</strong></span> 
     </span>
     <span class='ocr_line' id='line_1_14' title="bbox 551 2189 1957 2290; baseline 0 -24"><span class='ocrx_word' id='word_1_115' title='bbox 551 2189 813 2285; x_wconf 80' lang='lat' dir='ltr'><strong>confirmamue3</strong></span> <span class='ocrx_word' id='word_1_116' title='bbox 829 2194 985 2268; x_wconf 88' lang='lat' dir='ltr'><strong>volentes</strong></span> <span class='ocrx_word' id='word_1_117' title='bbox 1000 2203 1039 2266; x_wconf 90' lang='lat' dir='ltr'><strong>nt</strong></span> <span class='ocrx_word' id='word_1_118' title='bbox 1051 2204 1121 2267; x_wconf 70' lang='lat' dir='ltr'><strong>mm</strong></span> <span class='ocrx_word' id='word_1_119' title='bbox 1136 2195 1301 2270; x_wconf 83' lang='lat' dir='ltr'><strong>antedicti</strong></span> <span class='ocrx_word' id='word_1_120' title='bbox 1317 2194 1565 2290; x_wconf 89' lang='lat' dir='ltr'><strong>consanguinei</strong></span> <span class='ocrx_word' id='word_1_121' title='bbox 1579 2193 1687 2268; x_wconf 89' lang='lat' dir='ltr'><strong>nostri</strong></span> <span class='ocrx_word' id='word_1_122' title='bbox 1706 2193 1806 2266; x_wconf 87' lang='lat' dir='ltr'><strong>ducis</strong></span> <span class='ocrx_word' id='word_1_123' title='bbox 1820 2192 1957 2266; x_wconf 89' lang='lat' dir='ltr'><strong>donatio</strong></span> 
     </span>
     <span class='ocr_line' id='line_1_15' title="bbox 549 2316 1957 2414; baseline 0.001 -26"><span class='ocrx_word' id='word_1_124' title='bbox 549 2339 656 2412; x_wconf 87' lang='lat' dir='ltr'><strong>qoam</strong></span> <span class='ocrx_word' id='word_1_125' title='bbox 670 2316 787 2392; x_wconf 86' lang='lat' dir='ltr'><strong>dilecti</strong></span> <span class='ocrx_word' id='word_1_126' title='bbox 798 2319 905 2414; x_wconf 90' lang='lat' dir='ltr'><strong>patris</strong></span> <span class='ocrx_word' id='word_1_127' title='bbox 921 2319 1030 2392; x_wconf 88' lang='lat' dir='ltr'><strong>nostri</strong></span> <span class='ocrx_word' id='word_1_128' title='bbox 1048 2318 1274 2409; x_wconf 88' lang='lat' dir='ltr'><strong>confirmatio,</strong></span> <span class='ocrx_word' id='word_1_129' title='bbox 1290 2320 1374 2414; x_wconf 88' lang='lat' dir='ltr'><strong>quia</strong></span> <span class='ocrx_word' id='word_1_130' title='bbox 1387 2329 1534 2413; x_wconf 89' lang='lat' dir='ltr'><strong>utraque</strong></span> <span class='ocrx_word' id='word_1_131' title='bbox 1542 2318 1636 2411; x_wconf 84' lang='lat' dir='ltr'><strong>juste</strong></span> <span class='ocrx_word' id='word_1_132' title='bbox 1652 2339 1694 2392; x_wconf 93' lang='lat' dir='ltr'><strong>ac</strong></span> <span class='ocrx_word' id='word_1_133' title='bbox 1706 2317 1857 2413; x_wconf 87' lang='lat' dir='ltr'><strong>legitime</strong></span> <span class='ocrx_word' id='word_1_134' title='bbox 1869 2319 1957 2390; x_wconf 88' lang='lat' dir='ltr'><strong>lactu</strong></span> 
     </span>
     <span class='ocr_line' id='line_1_16' title="bbox 549 2438 1958 2539; baseline -0.003 -25"><span class='ocrx_word' id='word_1_135' title='bbox 549 2449 616 2531; x_wconf 86' lang='lat' dir='ltr'><strong>est,</strong></span> <span class='ocrx_word' id='word_1_136' title='bbox 634 2449 798 2538; x_wconf 88' lang='lat' dir='ltr'><strong>perpetue</strong></span> <span class='ocrx_word' id='word_1_137' title='bbox 817 2441 985 2515; x_wconf 85' lang='lat' dir='ltr'><strong>firmitatis</strong></span> <span class='ocrx_word' id='word_1_138' title='bbox 1000 2443 1106 2516; x_wconf 90' lang='lat' dir='ltr'><strong>robur</strong></span> <span class='ocrx_word' id='word_1_139' title='bbox 1120 2443 1321 2538; x_wconf 84' lang='lat' dir='ltr'><strong>strigorem</strong></span> <span class='ocrx_word' id='word_1_140' title='bbox 1335 2441 1501 2539; x_wconf 89' lang='lat' dir='ltr'><strong>optineat.</strong></span> <span class='ocrx_word' id='word_1_141' title='bbox 1522 2441 1677 2514; x_wconf 84' lang='lat' dir='ltr'><strong>Preterea</strong></span> <span class='ocrx_word' id='word_1_142' title='bbox 1691 2442 1747 2536; x_wconf 91' lang='lat' dir='ltr'><strong>pie</strong></span> <span class='ocrx_word' id='word_1_143' title='bbox 1761 2438 1958 2536; x_wconf 88' lang='lat' dir='ltr'><strong>pmfitemur</strong></span> 
     </span>
     <span class='ocr_line' id='line_1_17' title="bbox 550 2563 1956 2663; baseline -0.002 -25"><span class='ocrx_word' id='word_1_144' title='bbox 550 2575 655 2638; x_wconf 89' lang='lat' dir='ltr'><strong>totam</strong></span> <span class='ocrx_word' id='word_1_145' title='bbox 682 2567 934 2662; x_wconf 89' lang='lat' dir='ltr'><strong>possessionem</strong></span> <span class='ocrx_word' id='word_1_146' title='bbox 953 2567 1046 2640; x_wconf 91' lang='lat' dir='ltr'><strong>illam</strong></span> <span class='ocrx_word' id='word_1_147' title='bbox 1069 2565 1243 2659; x_wconf 91' lang='lat' dir='ltr'><strong>Suabach,</strong></span> <span class='ocrx_word' id='word_1_148' title='bbox 1263 2567 1425 2663; x_wconf 88' lang='lat' dir='ltr'><strong>predium</strong></span> <span class='ocrx_word' id='word_1_149' title='bbox 1444 2565 1576 2638; x_wconf 87' lang='lat' dir='ltr'><strong>scilicet</strong></span> <span class='ocrx_word' id='word_1_150' title='bbox 1592 2587 1672 2638; x_wconf 94' lang='lat' dir='ltr'><strong>cum</strong></span> <span class='ocrx_word' id='word_1_151' title='bbox 1690 2565 1880 2662; x_wconf 88' lang='lat' dir='ltr'><strong>parrochia,</strong></span> <span class='ocrx_word' id='word_1_152' title='bbox 1903 2563 1956 2637; x_wconf 93' lang='lat' dir='ltr'><strong>di·</strong></span> 
     </span>
     <span class='ocr_line' id='line_1_18' title="bbox 551 2688 1954 2786; baseline -0.001 -24"><span class='ocrx_word' id='word_1_153' title='bbox 551 2689 647 2762; x_wconf 86' lang='lat' dir='ltr'><strong>lectis</strong></span> <span class='ocrx_word' id='word_1_154' title='bbox 666 2689 767 2763; x_wconf 89' lang='lat' dir='ltr'><strong>nobis</strong></span> <span class='ocrx_word' id='word_1_155' title='bbox 792 2689 1065 2765; x_wconf 83' lang='lat' dir='ltr'><strong>llberacensibus</strong></span> <span class='ocrx_word' id='word_1_156' title='bbox 1091 2691 1252 2766; x_wconf 70' lang='lat' dir='ltr'><strong>denibus</strong></span> <span class='ocrx_word' id='word_1_157' title='bbox 1279 2691 1387 2786; x_wconf 88' lang='lat' dir='ltr'><strong>regali</strong></span> <span class='ocrx_word' id='word_1_158' title='bbox 1415 2689 1615 2766; x_wconf 79' lang='lat' dir='ltr'><strong>defensioue</strong></span> <span class='ocrx_word' id='word_1_159' title='bbox 1640 2709 1706 2763; x_wconf 92' lang='lat' dir='ltr'><strong>uos</strong></span> <span class='ocrx_word' id='word_1_160' title='bbox 1732 2689 1823 2762; x_wconf 90' lang='lat' dir='ltr'><strong>valle</strong></span> <span class='ocrx_word' id='word_1_161' title='bbox 1850 2688 1954 2776; x_wconf 83' lang='lat' dir='ltr'><strong>tueri,</strong></span> 
     </span>
     <span class='ocr_line' id='line_1_19' title="bbox 549 2812 1956 2910; baseline -0.003 -24"><span class='ocrx_word' id='word_1_162' title='bbox 549 2835 663 2910; x_wconf 90' lang='lat' dir='ltr'><strong>neque</strong></span> <span class='ocrx_word' id='word_1_163' title='bbox 681 2816 788 2888; x_wconf 92' lang='lat' dir='ltr'><strong>alium</strong></span> <span class='ocrx_word' id='word_1_164' title='bbox 802 2815 854 2888; x_wconf 88' lang='lat' dir='ltr'><strong>eis</strong></span> <span class='ocrx_word' id='word_1_165' title='bbox 874 2815 911 2888; x_wconf 92' lang='lat' dir='ltr'><strong>in</strong></span> <span class='ocrx_word' id='word_1_166' title='bbox 929 2816 1060 2890; x_wconf 90' lang='lat' dir='ltr'><strong>eisdem</strong></span> <span class='ocrx_word' id='word_1_167' title='bbox 1076 2817 1178 2890; x_wconf 91' lang='lat' dir='ltr'><strong>bonis</strong></span> <span class='ocrx_word' id='word_1_168' title='bbox 1190 2816 1398 2890; x_wconf 87' lang='lat' dir='ltr'><strong>advocatum</strong></span> <span class='ocrx_word' id='word_1_169' title='bbox 1417 2815 1672 2888; x_wconf 89' lang='lat' dir='ltr'><strong>essevolumus</strong></span> <span class='ocrx_word' id='word_1_170' title='bbox 1694 2835 1799 2908; x_wconf 89' lang='lat' dir='ltr'><strong>qoam</strong></span> <span class='ocrx_word' id='word_1_171' title='bbox 1814 2812 1956 2885; x_wconf 83' lang='lat' dir='ltr'><strong>llomani</strong></span> 
     </span>
     <span class='ocr_line' id='line_1_20' title="bbox 548 2935 1958 3038; baseline -0.003 -26"><span class='ocrx_word' id='word_1_172' title='bbox 548 2939 673 3036; x_wconf 87' lang='lat' dir='ltr'><strong>sceptri</strong></span> <span class='ocrx_word' id='word_1_173' title='bbox 691 2941 901 3032; x_wconf 80' lang='lat' dir='ltr'><strong>majestatem</strong></span> <span class='ocrx_word' id='word_1_174' title='bbox 917 2951 979 3013; x_wconf 90' lang='lat' dir='ltr'><strong>aut</strong></span> <span class='ocrx_word' id='word_1_175' title='bbox 1001 2961 1107 3036; x_wconf 86' lang='lat' dir='ltr'><strong>quem</strong></span> <span class='ocrx_word' id='word_1_176' title='bbox 1129 2939 1197 3038; x_wconf 91' lang='lat' dir='ltr'><strong>ipsi</strong></span> <span class='ocrx_word' id='word_1_177' title='bbox 1220 2941 1341 3014; x_wconf 68' lang='lat' dir='ltr'><strong>nanee</strong></span> <span class='ocrx_word' id='word_1_178' title='bbox 1357 2961 1421 3013; x_wconf 90' lang='lat' dir='ltr'><strong>ane</strong></span> <span class='ocrx_word' id='word_1_179' title='bbox 1443 2939 1540 3036; x_wconf 90' lang='lat' dir='ltr'><strong>pacis</strong></span> <span class='ocrx_word' id='word_1_180' title='bbox 1558 2939 1772 3036; x_wconf 79' lang='lat' dir='ltr'><strong>provisorem</strong></span> <span class='ocrx_word' id='word_1_181' title='bbox 1796 2935 1958 3034; x_wconf 90' lang='lat' dir='ltr'><strong>provide-</strong></span> 
     </span>
     <span class='ocr_line' id='line_1_21' title="bbox 547 3061 1957 3160; baseline -0.004 -22"><span class='ocrx_word' id='word_1_182' title='bbox 547 3065 628 3138; x_wconf 89' lang='lat' dir='ltr'><strong>rint.</strong></span> <span class='ocrx_word' id='word_1_183' title='bbox 648 3065 794 3138; x_wconf 88' lang='lat' dir='ltr'><strong>Omnem</strong></span> <span class='ocrx_word' id='word_1_184' title='bbox 812 3063 917 3138; x_wconf 88' lang='lat' dir='ltr'><strong>etiam</strong></span> <span class='ocrx_word' id='word_1_185' title='bbox 939 3065 1156 3140; x_wconf 83' lang='lat' dir='ltr'><strong>exactionem</strong></span> <span class='ocrx_word' id='word_1_186' title='bbox 1178 3075 1214 3139; x_wconf 91' lang='lat' dir='ltr'><strong>et</strong></span> <span class='ocrx_word' id='word_1_187' title='bbox 1231 3085 1348 3138; x_wconf 90' lang='lat' dir='ltr'><strong>annua</strong></span> <span class='ocrx_word' id='word_1_188' title='bbox 1371 3064 1548 3160; x_wconf 89' lang='lat' dir='ltr'><strong>pensionis</strong></span> <span class='ocrx_word' id='word_1_189' title='bbox 1564 3062 1755 3136; x_wconf 85' lang='lat' dir='ltr'><strong>molestiam</strong></span> <span class='ocrx_word' id='word_1_190' title='bbox 1775 3083 1840 3134; x_wconf 90' lang='lat' dir='ltr'><strong>seu</strong></span> <span class='ocrx_word' id='word_1_191' title='bbox 1861 3061 1957 3154; x_wconf 87' lang='lat' dir='ltr'><strong>quio·</strong></span> 
     </span>
     <span class='ocr_line' id='line_1_22' title="bbox 547 3183 1957 3286; baseline -0.004 -26"><span class='ocrx_word' id='word_1_192' title='bbox 547 3187 634 3283; x_wconf 89' lang='lat' dir='ltr'><strong>quid</strong></span> <span class='ocrx_word' id='word_1_193' title='bbox 648 3188 848 3280; x_wconf 89' lang='lat' dir='ltr'><strong>hujusmodi</strong></span> <span class='ocrx_word' id='word_1_194' title='bbox 863 3189 971 3284; x_wconf 89' lang='lat' dir='ltr'><strong>quieti</strong></span> <span class='ocrx_word' id='word_1_195' title='bbox 987 3211 1107 3263; x_wconf 91' lang='lat' dir='ltr'><strong>eorum</strong></span> <span class='ocrx_word' id='word_1_196' title='bbox 1125 3191 1361 3286; x_wconf 90' lang='lat' dir='ltr'><strong>importunum</strong></span> <span class='ocrx_word' id='word_1_197' title='bbox 1379 3209 1455 3262; x_wconf 90' lang='lat' dir='ltr'><strong>esse</strong></span> <span class='ocrx_word' id='word_1_198' title='bbox 1470 3187 1634 3284; x_wconf 86' lang='lat' dir='ltr'><strong>potuerit,</strong></span> <span class='ocrx_word' id='word_1_199' title='bbox 1651 3195 1721 3260; x_wconf 91' lang='lat' dir='ltr'><strong>tam</strong></span> <span class='ocrx_word' id='word_1_200' title='bbox 1733 3185 1778 3258; x_wconf 86' lang='lat' dir='ltr'><strong>ab</strong></span> <span class='ocrx_word' id='word_1_201' title='bbox 1790 3183 1842 3258; x_wconf 84' lang='lat' dir='ltr'><strong>eie</strong></span> <span class='ocrx_word' id='word_1_202' title='bbox 1852 3205 1957 3280; x_wconf 91' lang='lat' dir='ltr'><strong>quam</strong></span> 
     </span>
     <span class='ocr_line' id='line_1_23' title="bbox 548 3309 1957 3411; baseline -0.005 -24"><span class='ocrx_word' id='word_1_203' title='bbox 548 3335 570 3387; x_wconf 86' lang='lat' dir='ltr'><strong>a</strong></span> <span class='ocrx_word' id='word_1_204' title='bbox 588 3313 719 3387; x_wconf 87' lang='lat' dir='ltr'><strong>colonis</strong></span> <span class='ocrx_word' id='word_1_205' title='bbox 736 3335 856 3388; x_wconf 90' lang='lat' dir='ltr'><strong>eornm</strong></span> <span class='ocrx_word' id='word_1_206' title='bbox 873 3315 1076 3388; x_wconf 90' lang='lat' dir='ltr'><strong>auctoritate</strong></span> <span class='ocrx_word' id='word_1_207' title='bbox 1098 3323 1213 3390; x_wconf 85' lang='lat' dir='ltr'><strong>nostra</strong></span> <span class='ocrx_word' id='word_1_208' title='bbox 1233 3323 1400 3411; x_wconf 88' lang='lat' dir='ltr'><strong>perpetuo</strong></span> <span class='ocrx_word' id='word_1_209' title='bbox 1420 3333 1657 3403; x_wconf 88' lang='lat' dir='ltr'><strong>removemus,</strong></span> <span class='ocrx_word' id='word_1_210' title='bbox 1678 3331 1742 3407; x_wconf 86' lang='lat' dir='ltr'><strong>pm</strong></span> <span class='ocrx_word' id='word_1_211' title='bbox 1759 3317 1852 3382; x_wconf 71' lang='lat' dir='ltr'><strong>namo</strong></span> <span class='ocrx_word' id='word_1_212' title='bbox 1868 3309 1957 3382; x_wconf 87' lang='lat' dir='ltr'><strong>affir-</strong></span> 
     </span>
     <span class='ocr_line' id='line_1_24' title="bbox 550 3433 1957 3536; baseline -0.004 -25"><span class='ocrx_word' id='word_1_213' title='bbox 550 3447 683 3512; x_wconf 87' lang='lat' dir='ltr'><strong>mantes</strong></span> <span class='ocrx_word' id='word_1_214' title='bbox 699 3459 763 3513; x_wconf 87' lang='lat' dir='ltr'><strong>nos</strong></span> <span class='ocrx_word' id='word_1_215' title='bbox 781 3461 915 3536; x_wconf 89' lang='lat' dir='ltr'><strong>semper</strong></span> <span class='ocrx_word' id='word_1_216' title='bbox 938 3439 975 3512; x_wconf 93' lang='lat' dir='ltr'><strong>iu</strong></span> <span class='ocrx_word' id='word_1_217' title='bbox 992 3449 1130 3536; x_wconf 88' lang='lat' dir='ltr'><strong>promtu</strong></span> <span class='ocrx_word' id='word_1_218' title='bbox 1151 3440 1280 3514; x_wconf 90' lang='lat' dir='ltr'><strong>habere</strong></span> <span class='ocrx_word' id='word_1_219' title='bbox 1304 3460 1443 3513; x_wconf 88' lang='lat' dir='ltr'><strong>omnem</strong></span> <span class='ocrx_word' id='word_1_220' title='bbox 1461 3459 1580 3511; x_wconf 91' lang='lat' dir='ltr'><strong>eorum</strong></span> <span class='ocrx_word' id='word_1_221' title='bbox 1605 3436 1767 3531; x_wconf 83' lang='lat' dir='ltr'><strong>injuriam</strong></span> <span class='ocrx_word' id='word_1_222' title='bbox 1785 3433 1957 3530; x_wconf 88' lang='lat' dir='ltr'><strong>condigna</strong></span> 
     </span>
     <span class='ocr_line' id='line_1_25' title="bbox 548 3561 870 3657; baseline 0.012 -25"><span class='ocrx_word' id='word_1_223' title='bbox 548 3561 709 3657; x_wconf 85' lang='lat' dir='ltr'><strong>prosequi</strong></span> <span class='ocrx_word' id='word_1_224' title='bbox 728 3561 870 3636; x_wconf 91' lang='lat' dir='ltr'><strong>ultione.</strong></span> 
     </span>
    </p>

    <p class='ocr_par' dir='ltr' id='par_1_4' title="bbox 548 3685 1958 4278">
     <span class='ocr_line' id='line_1_26' title="bbox 596 3685 1956 3785; baseline -0.001 -28"><span class='ocrx_word' id='word_1_225' title='bbox 596 3686 707 3779; x_wconf 84' lang='lat' dir='ltr'><strong>Hujus</strong></span> <span class='ocrx_word' id='word_1_226' title='bbox 730 3697 845 3761; x_wconf 88' lang='lat' dir='ltr'><strong>nostre</strong></span> <span class='ocrx_word' id='word_1_227' title='bbox 864 3689 1086 3784; x_wconf 76' lang='lat' dir='ltr'><strong>professionis</strong></span> <span class='ocrx_word' id='word_1_228' title='bbox 1106 3699 1212 3785; x_wconf 88' lang='lat' dir='ltr'><strong>atque</strong></span> <span class='ocrx_word' id='word_1_229' title='bbox 1237 3687 1505 3762; x_wconf 83' lang='lat' dir='ltr'><strong>confirmationis</strong></span> <span class='ocrx_word' id='word_1_230' title='bbox 1530 3687 1647 3761; x_wconf 88' lang='lat' dir='ltr'><strong>idonei</strong></span> <span class='ocrx_word' id='word_1_231' title='bbox 1673 3685 1829 3760; x_wconf 85' lang='lat' dir='ltr'><strong>existunt</strong></span> <span class='ocrx_word' id='word_1_232' title='bbox 1856 3690 1956 3756; x_wconf 79' lang='lat' dir='ltr'><strong>testes</strong></span> 
     </span>
     <span class='ocr_line' id='line_1_27' title="bbox 549 3805 1957 3908; baseline -0.003 -26"><span class='ocrx_word' id='word_1_233' title='bbox 549 3809 731 3883; x_wconf 86' lang='lat' dir='ltr'><strong>Cuuradus</strong></span> <span class='ocrx_word' id='word_1_234' title='bbox 750 3811 976 3886; x_wconf 90' lang='lat' dir='ltr'><strong>cancellarius</strong></span> <span class='ocrx_word' id='word_1_235' title='bbox 994 3823 1120 3904; x_wconf 91' lang='lat' dir='ltr'><strong>noster,</strong></span> <span class='ocrx_word' id='word_1_236' title='bbox 1137 3815 1353 3887; x_wconf 90' lang='lat' dir='ltr'><strong>Hermaunus</strong></span> <span class='ocrx_word' id='word_1_237' title='bbox 1368 3813 1569 3908; x_wconf 80' lang='lat' dir='ltr'><strong>langravius</strong></span> <span class='ocrx_word' id='word_1_238' title='bbox 1587 3809 1766 3903; x_wconf 84' lang='lat' dir='ltr'><strong>Duringie,</strong></span> <span class='ocrx_word' id='word_1_239' title='bbox 1787 3809 1865 3882; x_wconf 88' lang='lat' dir='ltr'><strong>Otto</strong></span> <span class='ocrx_word' id='word_1_240' title='bbox 1882 3805 1957 3880; x_wconf 83' lang='lat' dir='ltr'><strong>dux</strong></span> 
     </span>
     <span class='ocr_line' id='line_1_28' title="bbox 549 3931 1958 4029; baseline -0.003 -23"><span class='ocrx_word' id='word_1_241' title='bbox 549 3932 720 4026; x_wconf 87' lang='lat' dir='ltr'><strong>Meranie,</strong></span> <span class='ocrx_word' id='word_1_242' title='bbox 748 3935 955 4008; x_wconf 73' lang='lat' dir='ltr'><strong>mumolane</strong></span> <span class='ocrx_word' id='word_1_243' title='bbox 980 3937 1167 4029; x_wconf 87' lang='lat' dir='ltr'><strong>Hauricns,</strong></span> <span class='ocrx_word' id='word_1_244' title='bbox 1192 3936 1355 4012; x_wconf 86' lang='lat' dir='ltr'><strong>Albertos</strong></span> <span class='ocrx_word' id='word_1_245' title='bbox 1376 3937 1422 4011; x_wconf 90' lang='lat' dir='ltr'><strong>de</strong></span> <span class='ocrx_word' id='word_1_246' title='bbox 1438 3937 1558 4026; x_wconf 79' lang='lat' dir='ltr'><strong>unus,</strong></span> <span class='ocrx_word' id='word_1_247' title='bbox 1578 3933 1788 4008; x_wconf 84' lang='lat' dir='ltr'><strong>Ludewicos</strong></span> <span class='ocrx_word' id='word_1_248' title='bbox 1807 3931 1853 4004; x_wconf 94' lang='lat' dir='ltr'><strong>de</strong></span> <span class='ocrx_word' id='word_1_249' title='bbox 1870 3931 1958 4004; x_wconf 90' lang='lat' dir='ltr'><strong>Stol-</strong></span> 
     </span>
     <span class='ocr_line' id='line_1_29' title="bbox 549 4053 1957 4153; baseline -0.006 -23"><span class='ocrx_word' id='word_1_250' title='bbox 549 4057 648 4149; x_wconf 90' lang='lat' dir='ltr'><strong>berc,</strong></span> <span class='ocrx_word' id='word_1_251' title='bbox 667 4057 848 4130; x_wconf 84' lang='lat' dir='ltr'><strong>Reimarus</strong></span> <span class='ocrx_word' id='word_1_252' title='bbox 865 4058 1023 4153; x_wconf 92' lang='lat' dir='ltr'><strong>previsor</strong></span> <span class='ocrx_word' id='word_1_253' title='bbox 1038 4058 1084 4134; x_wconf 93' lang='lat' dir='ltr'><strong>da</strong></span> <span class='ocrx_word' id='word_1_254' title='bbox 1101 4061 1302 4147; x_wconf 82' lang='lat' dir='ltr'><strong>Nuruham,</strong></span> <span class='ocrx_word' id='word_1_255' title='bbox 1329 4058 1499 4132; x_wconf 87' lang='lat' dir='ltr'><strong>officiatus</strong></span> <span class='ocrx_word' id='word_1_256' title='bbox 1522 4057 1567 4132; x_wconf 91' lang='lat' dir='ltr'><strong>de</strong></span> <span class='ocrx_word' id='word_1_257' title='bbox 1589 4057 1766 4150; x_wconf 89' lang='lat' dir='ltr'><strong>Perngue,</strong></span> <span class='ocrx_word' id='word_1_258' title='bbox 1792 4053 1957 4126; x_wconf 87' lang='lat' dir='ltr'><strong>officiatus</strong></span> 
     </span>
     <span class='ocr_line' id='line_1_30' title="bbox 548 4181 1020 4278; baseline 0.002 -24"><span class='ocrx_word' id='word_1_259' title='bbox 548 4181 730 4254; x_wconf 89' lang='lat' dir='ltr'><strong>Conradus</strong></span> <span class='ocrx_word' id='word_1_260' title='bbox 748 4181 794 4256; x_wconf 91' lang='lat' dir='ltr'><strong>de</strong></span> <span class='ocrx_word' id='word_1_261' title='bbox 811 4181 1020 4278; x_wconf 87' lang='lat' dir='ltr'><strong>Gredingen.</strong></span> 
     </span>
    </p>

    <p class='ocr_par' dir='ltr' id='par_1_5' title="bbox 598 4299 1953 4403">
     <span class='ocr_line' id='line_1_31' title="bbox 598 4299 1953 4403; baseline -0.001 -26"><span class='ocrx_word' id='word_1_262' title='bbox 598 4307 726 4378; x_wconf 89' lang='lat' dir='ltr'><strong>Datum</strong></span> <span class='ocrx_word' id='word_1_263' title='bbox 739 4307 835 4403; x_wconf 94' lang='lat' dir='ltr'><strong>apud</strong></span> <span class='ocrx_word' id='word_1_264' title='bbox 846 4307 1039 4403; x_wconf 76' lang='lat' dir='ltr'><strong>Numnam,</strong></span> <span class='ocrx_word' id='word_1_265' title='bbox 1055 4309 1115 4382; x_wconf 92' lang='lat' dir='ltr'><strong>llll</strong></span> <span class='ocrx_word' id='word_1_266' title='bbox 1127 4299 1292 4384; x_wconf 84' lang='lat' dir='ltr'><strong>kalendae</strong></span> <span class='ocrx_word' id='word_1_267' title='bbox 1303 4307 1436 4400; x_wconf 89' lang='lat' dir='ltr'><strong>marcii,</strong></span> <span class='ocrx_word' id='word_1_268' title='bbox 1446 4327 1537 4380; x_wconf 92' lang='lat' dir='ltr'><strong>auno</strong></span> <span class='ocrx_word' id='word_1_269' title='bbox 1545 4304 1657 4403; x_wconf 92' lang='lat' dir='ltr'><strong>primo</strong></span> <span class='ocrx_word' id='word_1_270' title='bbox 1667 4303 1764 4399; x_wconf 87' lang='lat' dir='ltr'><strong>regui</strong></span> <span class='ocrx_word' id='word_1_271' title='bbox 1778 4299 1905 4397; x_wconf 86' lang='lat' dir='ltr'><strong>nostri(</strong></span> <span class='ocrx_word' id='word_1_272' title='bbox 1930 4299 1953 4394; x_wconf 77' lang='lat'><strong>&gt;-</strong></span> 
     </span>
    </p>
   </div>
   <div class='ocr_carea' id='block_1_4' title="bbox 551 4609 1956 4795">
    <p class='ocr_par' dir='ltr' id='par_1_6' title="bbox 551 4609 1956 4795">
     <span class='ocr_line' id='line_1_32' title="bbox 587 4609 1956 4696; baseline -0.002 -26"><span class='ocrx_word' id='word_1_273' title='bbox 587 4612 623 4688; x_wconf 79' lang='lat' dir='ltr'><strong>(t)</strong></span> <span class='ocrx_word' id='word_1_274' title='bbox 640 4613 733 4673; x_wconf 80' lang='lat' dir='ltr'><strong>Annus</strong></span> <span class='ocrx_word' id='word_1_275' title='bbox 746 4615 936 4677; x_wconf 89' lang='lat' dir='ltr'><strong>incarnationis</strong></span> <span class='ocrx_word' id='word_1_276' title='bbox 949 4619 1098 4678; x_wconf 88' lang='lat' dir='ltr'><strong>dominicae</strong></span> <span class='ocrx_word' id='word_1_277' title='bbox 1109 4619 1224 4679; x_wconf 78' lang='lat' dir='ltr'><strong>omissam</strong></span> <span class='ocrx_word' id='word_1_278' title='bbox 1234 4621 1403 4696; x_wconf 83' lang='lat' dir='ltr'><strong>cognoscitur</strong></span> <span class='ocrx_word' id='word_1_279' title='bbox 1413 4636 1447 4678; x_wconf 87' lang='lat' dir='ltr'><strong>ex</strong></span> <span class='ocrx_word' id='word_1_280' title='bbox 1461 4633 1531 4677; x_wconf 88' lang='lat' dir='ltr'><strong>anuo</strong></span> <span class='ocrx_word' id='word_1_281' title='bbox 1545 4615 1641 4692; x_wconf 90' lang='lat' dir='ltr'><strong>primo,</strong></span> <span class='ocrx_word' id='word_1_282' title='bbox 1651 4614 1725 4689; x_wconf 83' lang='lat' dir='ltr'><strong>regni</strong></span> <span class='ocrx_word' id='word_1_283' title='bbox 1737 4611 1838 4672; x_wconf 89' lang='lat' dir='ltr'><strong>scilicet</strong></span> <span class='ocrx_word' id='word_1_284' title='bbox 1849 4609 1956 4669; x_wconf 85' lang='lat' dir='ltr'><strong>Germa·</strong></span> 
     </span>
     <span class='ocr_line' id='line_1_33' title="bbox 551 4711 1730 4795; baseline 0.002 -28"><span class='ocrx_word' id='word_1_285' title='bbox 551 4711 620 4779; x_wconf 85' lang='lat' dir='ltr'><strong>aiei,</strong></span> <span class='ocrx_word' id='word_1_286' title='bbox 635 4712 729 4786; x_wconf 80' lang='lat' dir='ltr'><strong>qruuto</strong></span> <span class='ocrx_word' id='word_1_287' title='bbox 741 4713 785 4772; x_wconf 90' lang='lat' dir='ltr'><strong>die</strong></span> <span class='ocrx_word' id='word_1_288' title='bbox 796 4714 947 4775; x_wconf 88' lang='lat' dir='ltr'><strong>decembris</strong></span> <span class='ocrx_word' id='word_1_289' title='bbox 961 4719 1030 4776; x_wconf 76' lang='lat' dir='ltr'><strong>tata</strong></span> <span class='ocrx_word' id='word_1_290' title='bbox 1044 4721 1141 4794; x_wconf 85' lang='lat' dir='ltr'><strong>coepti.</strong></span> <span class='ocrx_word' id='word_1_291' title='bbox 1154 4719 1268 4779; x_wconf 86' lang='lat' dir='ltr'><strong>Indictio</strong></span> <span class='ocrx_word' id='word_1_292' title='bbox 1281 4735 1401 4795; x_wconf 85' lang='lat' dir='ltr'><strong>quoque,</strong></span> <span class='ocrx_word' id='word_1_293' title='bbox 1415 4717 1517 4778; x_wconf 88' lang='lat' dir='ltr'><strong>scilicet</strong></span> <span class='ocrx_word' id='word_1_294' title='bbox 1530 4715 1631 4792; x_wconf 83' lang='lat' dir='ltr'><strong>prima,</strong></span> <span class='ocrx_word' id='word_1_295' title='bbox 1646 4713 1730 4772; x_wconf 87' lang='lat' dir='ltr'><strong>deest.</strong></span> 
     </span>
    </p>
   </div>
   <div class='ocr_carea' id='block_1_5' title="bbox 0 0 2173 5972">
    <p class='ocr_par' dir='ltr' id='par_1_7' title="bbox 0 0 2173 5972">
     <span class='ocr_line' id='line_1_34' title="bbox 0 0 2173 5972; baseline 0 0"><span class='ocrx_word' id='word_1_296' title='bbox 0 0 2173 5972; x_wconf 95' lang='lat' dir='ltr'><strong> </strong></span> 
     </span>
    </p>
   </div>
  </div>
 </body>
</html>
