<?xml version="1.0" encoding="UTF-8"?>
<!DOCTYPE html PUBLIC "-//W3C//DTD XHTML 1.0 Transitional//EN"
    "http://www.w3.org/TR/xhtml1/DTD/xhtml1-transitional.dtd">
<html xmlns="http://www.w3.org/1999/xhtml" xml:lang="en" lang="en">
 <head>
  <title>
</title>
<meta http-equiv="Content-Type" content="text/html;charset=utf-8" />
  <meta name='ocr-system' content='tesseract 3.04.00' />
  <meta name='ocr-capabilities' content='ocr_page ocr_carea ocr_par ocr_line ocrx_word'/>
</head>
<body>
  <div class='ocr_page' id='page_1' title='image "./historiadiploma06fredgoog_0164.png"; bbox 0 0 4378 5954; ppageno 0'>
   <div class='ocr_carea' id='block_1_1' title="bbox 250 541 1668 795">
    <p class='ocr_par' dir='ltr' id='par_1_1' title="bbox 250 541 1668 795">
     <span class='ocr_line' id='line_1_1' title="bbox 250 541 1668 639; baseline -0.008 -18"><span class='ocrx_word' id='word_1_1' title='bbox 250 552 426 639; x_wconf 66' lang='lat' dir='ltr'><strong>sumta]</strong></span> <span class='ocrx_word' id='word_1_2' title='bbox 699 541 1217 618; x_wconf 79' lang='lat' dir='ltr'><strong>tttsnonttt&#39;ntrtenttrtca</strong></span> <span class='ocrx_word' id='word_1_3' title='bbox 1609 547 1668 610; x_wconf 70' lang='lat'><strong>145</strong></span> 
     </span>
     <span class='ocr_line' id='line_1_2' title="bbox 250 682 1662 795; baseline -0.008 -19"><span class='ocrx_word' id='word_1_4' title='bbox 250 689 445 776; x_wconf 76' lang='lat' dir='ltr'><strong>Messanae</strong></span> <span class='ocrx_word' id='word_1_5' title='bbox 462 685 588 770; x_wconf 87' lang='lat' dir='ltr'><strong>casule</strong></span> <span class='ocrx_word' id='word_1_6' title='bbox 603 685 776 772; x_wconf 88' lang='lat' dir='ltr'><strong>Murrum</strong></span> <span class='ocrx_word' id='word_1_7' title='bbox 788 687 829 770; x_wconf 93' lang='lat' dir='ltr'><strong>in</strong></span> <span class='ocrx_word' id='word_1_8' title='bbox 841 687 1050 772; x_wconf 84' lang='lat' dir='ltr'><strong>tenimento</strong></span> <span class='ocrx_word' id='word_1_9' title='bbox 1067 688 1195 772; x_wconf 81' lang='lat' dir='ltr'><strong>Sancti</strong></span> <span class='ocrx_word' id='word_1_10' title='bbox 1212 684 1390 795; x_wconf 85' lang='lat' dir='ltr'><strong>Philippi,</strong></span> <span class='ocrx_word' id='word_1_11' title='bbox 1400 682 1517 768; x_wconf 88' lang='lat' dir='ltr'><strong>libere</strong></span> <span class='ocrx_word' id='word_1_12' title='bbox 1530 691 1567 766; x_wconf 87' lang='lat' dir='ltr'><strong>et</strong></span> <span class='ocrx_word' id='word_1_13' title='bbox 1580 683 1662 766; x_wconf 88' lang='lat' dir='ltr'><strong>sine</strong></span> 
     </span>
    </p>
   </div>
   <div class='ocr_carea' id='block_1_2' title="bbox 251 821 1200 1116">
    <p class='ocr_par' dir='ltr' id='par_1_2' title="bbox 251 821 1200 1116">
     <span class='ocr_line' id='line_1_3' title="bbox 251 821 566 934; baseline -0.006 -28"><span class='ocrx_word' id='word_1_14' title='bbox 251 823 382 934; x_wconf 89' lang='lat' dir='ltr'><strong>aliquo</strong></span> <span class='ocrx_word' id='word_1_15' title='bbox 400 821 566 906; x_wconf 85' lang='lat' dir='ltr'><strong>servitio.</strong></span> 
     </span>
     <span class='ocr_line' id='line_1_4' title="bbox 331 1031 1200 1116; baseline -0.005 -16"><span class='ocrx_word' id='word_1_16' title='bbox 331 1037 426 1116; x_wconf 86' lang='lat' dir='ltr'><strong>(Edld.</strong></span> <span class='ocrx_word' id='word_1_17' title='bbox 441 1039 548 1116; x_wconf 82' lang='lat' dir='ltr'><strong>partlm</strong></span> <span class='ocrx_word' id='word_1_18' title='bbox 561 1037 600 1098; x_wconf 84' lang='lat' dir='ltr'><strong>ll.</strong></span> <span class='ocrx_word' id='word_1_19' title='bbox 615 1036 748 1112; x_wconf 77' lang='lat' dir='ltr'><strong>Pronus,</strong></span> <span class='ocrx_word' id='word_1_20' title='bbox 762 1031 842 1096; x_wconf 72' lang='lat' dir='ltr'><strong>salt</strong></span> <span class='ocrx_word' id='word_1_21' title='bbox 857 1051 951 1110; x_wconf 74' lang='lat' dir='ltr'><strong>tum,</strong></span> <span class='ocrx_word' id='word_1_22' title='bbox 966 1041 991 1098; x_wconf 88' lang='lat' dir='ltr'><strong>t.</strong></span> <span class='ocrx_word' id='word_1_23' title='bbox 1005 1035 1051 1112; x_wconf 91' lang='lat'><strong>11,</strong></span> <span class='ocrx_word' id='word_1_24' title='bbox 1071 1051 1102 1113; x_wconf 90' lang='lat' dir='ltr'><strong>p.</strong></span> <span class='ocrx_word' id='word_1_25' title='bbox 1120 1033 1200 1111; x_wconf 82' lang='lat' dir='ltr'><strong>aet.)</strong></span> 
     </span>
    </p>
   </div>
   <div class='ocr_carea' id='block_1_3' title="bbox 254 1215 1668 2312">
    <p class='ocr_par' dir='ltr' id='par_1_3' title="bbox 254 1215 1668 2312">
     <span class='ocr_line' id='line_1_5' title="bbox 301 1215 1666 1318; baseline -0.004 -22"><span class='ocrx_word' id='word_1_26' title='bbox 301 1222 499 1298; x_wconf 83' lang='lat' dir='ltr'><strong>Tridericus</strong></span> <span class='ocrx_word' id='word_1_27' title='bbox 526 1243 589 1296; x_wconf 87' lang='lat' dir='ltr'><strong>rex</strong></span> <span class='ocrx_word' id='word_1_28' title='bbox 615 1221 746 1313; x_wconf 82' lang='lat' dir='ltr'><strong>Sicilie,</strong></span> <span class='ocrx_word' id='word_1_29' title='bbox 776 1219 924 1296; x_wconf 88' lang='lat' dir='ltr'><strong>ducatus</strong></span> <span class='ocrx_word' id='word_1_30' title='bbox 948 1221 1073 1318; x_wconf 83' lang='lat' dir='ltr'><strong>Apulia</strong></span> <span class='ocrx_word' id='word_1_31' title='bbox 1099 1231 1135 1296; x_wconf 92' lang='lat' dir='ltr'><strong>et</strong></span> <span class='ocrx_word' id='word_1_32' title='bbox 1161 1220 1372 1318; x_wconf 78' lang='lat' dir='ltr'><strong>principatus</strong></span> <span class='ocrx_word' id='word_1_33' title='bbox 1392 1219 1520 1316; x_wconf 83' lang='lat' dir='ltr'><strong>Capua.</strong></span> <span class='ocrx_word' id='word_1_34' title='bbox 1547 1215 1666 1292; x_wconf 82' lang='lat' dir='ltr'><strong>Atten-</strong></span> 
     </span>
     <span class='ocr_line' id='line_1_6' title="bbox 254 1343 1667 1438; baseline -0.001 -18"><span class='ocrx_word' id='word_1_35' title='bbox 254 1344 378 1420; x_wconf 87' lang='lat' dir='ltr'><strong>deutes</strong></span> <span class='ocrx_word' id='word_1_36' title='bbox 392 1346 593 1436; x_wconf 80' lang='lat' dir='ltr'><strong>religionem</strong></span> <span class='ocrx_word' id='word_1_37' title='bbox 614 1345 728 1418; x_wconf 80' lang='lat' dir='ltr'><strong>fratris</strong></span> <span class='ocrx_word' id='word_1_38' title='bbox 744 1343 919 1420; x_wconf 90' lang='lat' dir='ltr'><strong>Guilielmi</strong></span> <span class='ocrx_word' id='word_1_39' title='bbox 937 1346 1136 1436; x_wconf 81' lang='lat' dir='ltr'><strong>Oreliensis,</strong></span> <span class='ocrx_word' id='word_1_40' title='bbox 1154 1343 1335 1418; x_wconf 90' lang='lat' dir='ltr'><strong>domorum</strong></span> <span class='ocrx_word' id='word_1_41' title='bbox 1350 1343 1480 1438; x_wconf 79' lang='lat' dir='ltr'><strong>Templi</strong></span> <span class='ocrx_word' id='word_1_42' title='bbox 1497 1343 1534 1416; x_wconf 96' lang='lat' dir='ltr'><strong>in</strong></span> <span class='ocrx_word' id='word_1_43' title='bbox 1551 1343 1667 1418; x_wconf 75' lang='lat' dir='ltr'><strong>Sicilia</strong></span> 
     </span>
     <span class='ocr_line' id='line_1_7' title="bbox 255 1467 1667 1567; baseline -0.004 -22"><span class='ocrx_word' id='word_1_44' title='bbox 255 1469 477 1567; x_wconf 89' lang='lat' dir='ltr'><strong>preceptoris,</strong></span> <span class='ocrx_word' id='word_1_45' title='bbox 486 1479 521 1544; x_wconf 89' lang='lat' dir='ltr'><strong>et</strong></span> <span class='ocrx_word' id='word_1_46' title='bbox 530 1469 626 1564; x_wconf 84' lang='lat' dir='ltr'><strong>qnod</strong></span> <span class='ocrx_word' id='word_1_47' title='bbox 639 1467 686 1542; x_wconf 91' lang='lat' dir='ltr'><strong>de</strong></span> <span class='ocrx_word' id='word_1_48' title='bbox 700 1471 801 1543; x_wconf 87' lang='lat' dir='ltr'><strong>bonis</strong></span> <span class='ocrx_word' id='word_1_49' title='bbox 814 1493 885 1566; x_wconf 92' lang='lat' dir='ltr'><strong>que</strong></span> <span class='ocrx_word' id='word_1_50' title='bbox 895 1471 1095 1566; x_wconf 90' lang='lat' dir='ltr'><strong>Templariis</strong></span> <span class='ocrx_word' id='word_1_51' title='bbox 1109 1470 1344 1561; x_wconf 81' lang='lat' dir='ltr'><strong>conteruntur,</strong></span> <span class='ocrx_word' id='word_1_52' title='bbox 1353 1467 1522 1541; x_wconf 89' lang='lat' dir='ltr'><strong>militibus</strong></span> <span class='ocrx_word' id='word_1_53' title='bbox 1533 1467 1667 1564; x_wconf 89' lang='lat' dir='ltr'><strong>Templi</strong></span> 
     </span>
     <span class='ocr_line' id='line_1_8' title="bbox 256 1592 1667 1692; baseline -0.001 -24"><span class='ocrx_word' id='word_1_54' title='bbox 256 1595 294 1668; x_wconf 93' lang='lat' dir='ltr'><strong>iu</strong></span> <span class='ocrx_word' id='word_1_55' title='bbox 311 1595 541 1668; x_wconf 84' lang='lat' dir='ltr'><strong>ultramarinis</strong></span> <span class='ocrx_word' id='word_1_56' title='bbox 561 1595 718 1692; x_wconf 90' lang='lat' dir='ltr'><strong>partibus</strong></span> <span class='ocrx_word' id='word_1_57' title='bbox 735 1595 773 1667; x_wconf 96' lang='lat' dir='ltr'><strong>in</strong></span> <span class='ocrx_word' id='word_1_58' title='bbox 792 1596 854 1668; x_wconf 91' lang='lat' dir='ltr'><strong>Dei</strong></span> <span class='ocrx_word' id='word_1_59' title='bbox 875 1595 1016 1668; x_wconf 87' lang='lat' dir='ltr'><strong>servitio</strong></span> <span class='ocrx_word' id='word_1_60' title='bbox 1035 1594 1263 1668; x_wconf 75' lang='lat' dir='ltr'><strong>militantibus</strong></span> <span class='ocrx_word' id='word_1_61' title='bbox 1280 1594 1499 1685; x_wconf 86' lang='lat' dir='ltr'><strong>subvenitur,</strong></span> <span class='ocrx_word' id='word_1_62' title='bbox 1519 1592 1566 1667; x_wconf 90' lang='lat' dir='ltr'><strong>ad</strong></span> <span class='ocrx_word' id='word_1_63' title='bbox 1583 1615 1667 1690; x_wconf 92' lang='lat' dir='ltr'><strong>sup·</strong></span> 
     </span>
     <span class='ocr_line' id='line_1_9' title="bbox 256 1717 1666 1816; baseline 0 -26"><span class='ocrx_word' id='word_1_64' title='bbox 256 1718 476 1816; x_wconf 89' lang='lat' dir='ltr'><strong>plicationem</strong></span> <span class='ocrx_word' id='word_1_65' title='bbox 499 1719 634 1792; x_wconf 89' lang='lat' dir='ltr'><strong>comitis</strong></span> <span class='ocrx_word' id='word_1_66' title='bbox 653 1718 784 1812; x_wconf 77' lang='lat' dir='ltr'><strong>Pagaui</strong></span> <span class='ocrx_word' id='word_1_67' title='bbox 803 1719 848 1794; x_wconf 89' lang='lat' dir='ltr'><strong>dc</strong></span> <span class='ocrx_word' id='word_1_68' title='bbox 865 1719 995 1793; x_wconf 86' lang='lat' dir='ltr'><strong>Parisio</strong></span> <span class='ocrx_word' id='word_1_69' title='bbox 1013 1719 1128 1793; x_wconf 90' lang='lat' dir='ltr'><strong>dilecti</strong></span> <span class='ocrx_word' id='word_1_70' title='bbox 1146 1718 1324 1792; x_wconf 80' lang='lat' dir='ltr'><strong>familiaris</strong></span> <span class='ocrx_word' id='word_1_71' title='bbox 1345 1717 1471 1806; x_wconf 84' lang='lat' dir='ltr'><strong>nostri,</strong></span> <span class='ocrx_word' id='word_1_72' title='bbox 1493 1717 1539 1791; x_wconf 89' lang='lat' dir='ltr'><strong>de</strong></span> <span class='ocrx_word' id='word_1_73' title='bbox 1558 1717 1666 1812; x_wconf 79' lang='lat' dir='ltr'><strong>gratia</strong></span> 
     </span>
     <span class='ocr_line' id='line_1_10' title="bbox 256 1839 1666 1938; baseline 0 -26"><span class='ocrx_word' id='word_1_74' title='bbox 256 1861 398 1936; x_wconf 86' lang='lat' dir='ltr'><strong>quoqne</strong></span> <span class='ocrx_word' id='word_1_75' title='bbox 410 1851 445 1915; x_wconf 90' lang='lat' dir='ltr'><strong>et</strong></span> <span class='ocrx_word' id='word_1_76' title='bbox 457 1839 692 1916; x_wconf 87' lang='lat' dir='ltr'><strong>munificentia</strong></span> <span class='ocrx_word' id='word_1_77' title='bbox 706 1851 835 1934; x_wconf 87' lang='lat' dir='ltr'><strong>nostra,</strong></span> <span class='ocrx_word' id='word_1_78' title='bbox 851 1863 913 1938; x_wconf 93' lang='lat' dir='ltr'><strong>pro</strong></span> <span class='ocrx_word' id='word_1_79' title='bbox 933 1843 1044 1916; x_wconf 89' lang='lat' dir='ltr'><strong>salute</strong></span> <span class='ocrx_word' id='word_1_80' title='bbox 1062 1851 1178 1916; x_wconf 90' lang='lat' dir='ltr'><strong>nostra</strong></span> <span class='ocrx_word' id='word_1_81' title='bbox 1193 1853 1228 1916; x_wconf 91' lang='lat' dir='ltr'><strong>et</strong></span> <span class='ocrx_word' id='word_1_82' title='bbox 1245 1853 1470 1937; x_wconf 78' lang='lat' dir='ltr'><strong>augustorum</strong></span> <span class='ocrx_word' id='word_1_83' title='bbox 1486 1851 1666 1937; x_wconf 90' lang='lat' dir='ltr'><strong>parentum</strong></span> 
     </span>
     <span class='ocr_line' id='line_1_11' title="bbox 256 1965 1662 2062; baseline 0.004 -27"><span class='ocrx_word' id='word_1_84' title='bbox 256 1973 468 2058; x_wconf 91' lang='lat' dir='ltr'><strong>nostrorum,</strong></span> <span class='ocrx_word' id='word_1_85' title='bbox 530 1975 652 2062; x_wconf 91' lang='lat' dir='ltr'><strong>rpetuo</strong></span> <span class='ocrx_word' id='word_1_86' title='bbox 668 1965 891 2041; x_wconf 78' lang='lat' dir='ltr'><strong>concedimus</strong></span> <span class='ocrx_word' id='word_1_87' title='bbox 903 1977 939 2040; x_wconf 92' lang='lat' dir='ltr'><strong>et</strong></span> <span class='ocrx_word' id='word_1_88' title='bbox 951 1966 1194 2042; x_wconf 85' lang='lat' dir='ltr'><strong>confirmamus</strong></span> <span class='ocrx_word' id='word_1_89' title='bbox 1209 1967 1328 2040; x_wconf 92' lang='lat' dir='ltr'><strong>domui</strong></span> <span class='ocrx_word' id='word_1_90' title='bbox 1341 1967 1473 2062; x_wconf 86' lang='lat' dir='ltr'><strong>Templi</strong></span> <span class='ocrx_word' id='word_1_91' title='bbox 1494 1967 1662 2058; x_wconf 82' lang='lat' dir='ltr'><strong>Messene,</strong></span> 
     </span>
     <span class='ocr_line' id='line_1_12' title="bbox 258 2086 1668 2186; baseline 0.004 -26"><span class='ocrx_word' id='word_1_92' title='bbox 258 2086 306 2162; x_wconf 89' lang='lat' dir='ltr'><strong>ad</strong></span> <span class='ocrx_word' id='word_1_93' title='bbox 323 2089 544 2162; x_wconf 92' lang='lat' dir='ltr'><strong>commodum</strong></span> <span class='ocrx_word' id='word_1_94' title='bbox 563 2090 684 2164; x_wconf 91' lang='lat' dir='ltr'><strong>militie</strong></span> <span class='ocrx_word' id='word_1_95' title='bbox 703 2091 848 2186; x_wconf 85' lang='lat' dir='ltr'><strong>Templi,</strong></span> <span class='ocrx_word' id='word_1_96' title='bbox 866 2092 978 2164; x_wconf 85' lang='lat' dir='ltr'><strong>casale</strong></span> <span class='ocrx_word' id='word_1_97' title='bbox 1001 2091 1097 2186; x_wconf 92' lang='lat' dir='ltr'><strong>quod</strong></span> <span class='ocrx_word' id='word_1_98' title='bbox 1115 2091 1242 2166; x_wconf 91' lang='lat' dir='ltr'><strong>dicitur</strong></span> <span class='ocrx_word' id='word_1_99' title='bbox 1259 2092 1411 2164; x_wconf 88' lang='lat' dir='ltr'><strong>lllurrum</strong></span> <span class='ocrx_word' id='word_1_100' title='bbox 1429 2090 1465 2162; x_wconf 94' lang='lat' dir='ltr'><strong>in</strong></span> <span class='ocrx_word' id='word_1_101' title='bbox 1482 2090 1668 2164; x_wconf 88' lang='lat' dir='ltr'><strong>tenimento</strong></span> 
     </span>
     <span class='ocr_line' id='line_1_13' title="bbox 257 2213 1666 2312; baseline 0.003 -26"><span class='ocrx_word' id='word_1_102' title='bbox 257 2213 373 2286; x_wconf 84' lang='lat' dir='ltr'><strong>Sancti</strong></span> <span class='ocrx_word' id='word_1_103' title='bbox 389 2213 551 2308; x_wconf 89' lang='lat' dir='ltr'><strong>Philippi,</strong></span> <span class='ocrx_word' id='word_1_104' title='bbox 567 2214 675 2288; x_wconf 89' lang='lat' dir='ltr'><strong>libere</strong></span> <span class='ocrx_word' id='word_1_105' title='bbox 687 2223 723 2288; x_wconf 85' lang='lat' dir='ltr'><strong>et</strong></span> <span class='ocrx_word' id='word_1_106' title='bbox 735 2215 811 2288; x_wconf 86' lang='lat' dir='ltr'><strong>sine</strong></span> <span class='ocrx_word' id='word_1_107' title='bbox 828 2215 945 2310; x_wconf 85' lang='lat' dir='ltr'><strong>aliquo</strong></span> <span class='ocrx_word' id='word_1_108' title='bbox 960 2217 1114 2306; x_wconf 89' lang='lat' dir='ltr'><strong>servitio,</strong></span> <span class='ocrx_word' id='word_1_109' title='bbox 1130 2214 1227 2311; x_wconf 91' lang='lat' dir='ltr'><strong>quud</strong></span> <span class='ocrx_word' id='word_1_110' title='bbox 1242 2216 1287 2289; x_wconf 92' lang='lat' dir='ltr'><strong>de</strong></span> <span class='ocrx_word' id='word_1_111' title='bbox 1302 2213 1456 2312; x_wconf 87' lang='lat' dir='ltr'><strong>predicto</strong></span> <span class='ocrx_word' id='word_1_112' title='bbox 1478 2216 1581 2289; x_wconf 87' lang='lat' dir='ltr'><strong>casali</strong></span> <span class='ocrx_word' id='word_1_113' title='bbox 1605 2215 1666 2290; x_wconf 90' lang='lat' dir='ltr'><strong>de-</strong></span> 
     </span>
    </p>
   </div>
   <div class='ocr_carea' id='block_1_4' title="bbox 258 2331 1669 2555">
    <p class='ocr_par' dir='ltr' id='par_1_4' title="bbox 258 2331 1669 2555">
     <span class='ocr_line' id='line_1_14' title="bbox 258 2331 1669 2436; baseline 0.004 -28"><span class='ocrx_word' id='word_1_114' title='bbox 258 2333 421 2428; x_wconf 83' lang='lat' dir='ltr'><strong>bebatur3</strong></span> <span class='ocrx_word' id='word_1_115' title='bbox 448 2331 565 2434; x_wconf 91' lang='lat' dir='ltr'><strong>[cum]</strong></span> <span class='ocrx_word' id='word_1_116' title='bbox 594 2335 687 2410; x_wconf 91' lang='lat' dir='ltr'><strong>idem</strong></span> <span class='ocrx_word' id='word_1_117' title='bbox 713 2359 829 2412; x_wconf 88' lang='lat' dir='ltr'><strong>comes</strong></span> <span class='ocrx_word' id='word_1_118' title='bbox 851 2339 1010 2436; x_wconf 76' lang='lat' dir='ltr'><strong>Paganus</strong></span> <span class='ocrx_word' id='word_1_119' title='bbox 1036 2362 1075 2414; x_wconf 90' lang='lat' dir='ltr'><strong>se</strong></span> <span class='ocrx_word' id='word_1_120' title='bbox 1099 2350 1135 2414; x_wconf 91' lang='lat' dir='ltr'><strong>et</strong></span> <span class='ocrx_word' id='word_1_121' title='bbox 1159 2361 1377 2415; x_wconf 87' lang='lat' dir='ltr'><strong>successores</strong></span> <span class='ocrx_word' id='word_1_122' title='bbox 1397 2361 1479 2414; x_wconf 90' lang='lat' dir='ltr'><strong>suos</strong></span> <span class='ocrx_word' id='word_1_123' title='bbox 1504 2349 1669 2436; x_wconf 88' lang='lat' dir='ltr'><strong>perpetuo</strong></span> 
     </span>
     <span class='ocr_line' id='line_1_15' title="bbox 258 2459 888 2555; baseline 0.008 -25"><span class='ocrx_word' id='word_1_124' title='bbox 258 2459 379 2532; x_wconf 86' lang='lat' dir='ltr'><strong>statuit</strong></span> <span class='ocrx_word' id='word_1_125' title='bbox 396 2481 640 2555; x_wconf 86' lang='lat' dir='ltr'><strong>responsuros,</strong></span> <span class='ocrx_word' id='word_1_126' title='bbox 660 2469 714 2534; x_wconf 90' lang='lat' dir='ltr'><strong>etc</strong></span> <span class='ocrx_word' id='word_1_127' title='bbox 717 2514 888 2535; x_wconf 93' lang='grc'><strong>.......</strong></span> 
     </span>
    </p>
   </div>
   <div class='ocr_carea' id='block_1_5' title="bbox 260 2583 1668 2926">
    <p class='ocr_par' dir='ltr' id='par_1_5' title="bbox 260 2583 1668 2926">
     <span class='ocr_line' id='line_1_16' title="bbox 307 2583 1668 2682; baseline 0.003 -26"><span class='ocrx_word' id='word_1_128' title='bbox 307 2585 433 2657; x_wconf 87' lang='lat' dir='ltr'><strong>Datum</strong></span> <span class='ocrx_word' id='word_1_129' title='bbox 454 2585 490 2656; x_wconf 94' lang='lat' dir='ltr'><strong>in</strong></span> <span class='ocrx_word' id='word_1_130' title='bbox 507 2583 595 2657; x_wconf 91' lang='lat' dir='ltr'><strong>urbe</strong></span> <span class='ocrx_word' id='word_1_131' title='bbox 613 2585 771 2658; x_wconf 90' lang='lat' dir='ltr'><strong>Panormi</strong></span> <span class='ocrx_word' id='word_1_132' title='bbox 794 2608 855 2682; x_wconf 88' lang='lat' dir='ltr'><strong>per</strong></span> <span class='ocrx_word' id='word_1_133' title='bbox 871 2609 995 2662; x_wconf 90' lang='lat' dir='ltr'><strong>manns</strong></span> <span class='ocrx_word' id='word_1_134' title='bbox 1013 2585 1164 2660; x_wconf 88' lang='lat' dir='ltr'><strong>Gnalteri</strong></span> <span class='ocrx_word' id='word_1_135' title='bbox 1183 2585 1228 2660; x_wconf 91' lang='lat' dir='ltr'><strong>de</strong></span> <span class='ocrx_word' id='word_1_136' title='bbox 1240 2586 1367 2660; x_wconf 88' lang='lat' dir='ltr'><strong>Palena</strong></span> <span class='ocrx_word' id='word_1_137' title='bbox 1379 2585 1586 2660; x_wconf 87' lang='lat' dir='ltr'><strong>venerabilis</strong></span> <span class='ocrx_word' id='word_1_138' title='bbox 1604 2586 1668 2660; x_wconf 92' lang='lat' dir='ltr'><strong>Ca-</strong></span> 
     </span>
     <span class='ocr_line' id='line_1_17' title="bbox 260 2707 1667 2804; baseline 0.002 -23"><span class='ocrx_word' id='word_1_139' title='bbox 260 2707 413 2781; x_wconf 85' lang='lat' dir='ltr'><strong>tanensis</strong></span> <span class='ocrx_word' id='word_1_140' title='bbox 433 2708 586 2804; x_wconf 86' lang='lat' dir='ltr'><strong>episcopi</strong></span> <span class='ocrx_word' id='word_1_141' title='bbox 604 2718 639 2782; x_wconf 89' lang='lat' dir='ltr'><strong>et</strong></span> <span class='ocrx_word' id='word_1_142' title='bbox 654 2709 752 2804; x_wconf 77' lang='lat' dir='ltr'><strong>regni</strong></span> <span class='ocrx_word' id='word_1_143' title='bbox 771 2709 886 2783; x_wconf 91' lang='lat' dir='ltr'><strong>Sicilie</strong></span> <span class='ocrx_word' id='word_1_144' title='bbox 902 2712 1115 2803; x_wconf 88' lang='lat' dir='ltr'><strong>cancellarii,</strong></span> <span class='ocrx_word' id='word_1_145' title='bbox 1132 2731 1223 2784; x_wconf 91' lang='lat' dir='ltr'><strong>anno</strong></span> <span class='ocrx_word' id='word_1_146' title='bbox 1239 2711 1388 2797; x_wconf 79' lang='lat' dir='ltr'><strong>Mcctx,</strong></span> <span class='ocrx_word' id='word_1_147' title='bbox 1407 2731 1525 2784; x_wconf 87' lang='lat' dir='ltr'><strong>mense</strong></span> <span class='ocrx_word' id='word_1_148' title='bbox 1540 2713 1667 2802; x_wconf 87' lang='lat' dir='ltr'><strong>martii,</strong></span> 
     </span>
     <span class='ocr_line' id='line_1_18' title="bbox 260 2829 1167 2926; baseline 0.003 -25"><span class='ocrx_word' id='word_1_149' title='bbox 260 2829 448 2905; x_wconf 87' lang='lat' dir='ltr'><strong>indictione</strong></span> <span class='ocrx_word' id='word_1_150' title='bbox 462 2831 540 2923; x_wconf 86' lang='lat' dir='ltr'><strong>Xll,</strong></span> <span class='ocrx_word' id='word_1_151' title='bbox 556 2829 654 2926; x_wconf 75' lang='lat' dir='ltr'><strong>regni</strong></span> <span class='ocrx_word' id='word_1_152' title='bbox 672 2829 804 2905; x_wconf 92' lang='lat' dir='ltr'><strong>domini</strong></span> <span class='ocrx_word' id='word_1_153' title='bbox 820 2832 983 2906; x_wconf 86' lang='lat' dir='ltr'><strong>Friderici</strong></span> <span class='ocrx_word' id='word_1_154' title='bbox 998 2855 1090 2907; x_wconf 90' lang='lat' dir='ltr'><strong>anno</strong></span> <span class='ocrx_word' id='word_1_155' title='bbox 1106 2833 1167 2906; x_wconf 86' lang='lat' dir='ltr'><strong>XI.</strong></span> 
     </span>
    </p>
   </div>
   <div class='ocr_carea' id='block_1_6' title="bbox 262 3455 1872 3968">
    <p class='ocr_par' dir='ltr' id='par_1_6' title="bbox 262 3455 1872 3968">
     <span class='ocr_line' id='line_1_19' title="bbox 316 3455 1872 3570; baseline -0.004 -30"><span class='ocrx_word' id='word_1_156' title='bbox 316 3457 429 3542; x_wconf 81' lang='lat' dir='ltr'><strong>Anno</strong></span> <span class='ocrx_word' id='word_1_157' title='bbox 454 3457 608 3540; x_wconf 89' lang='lat' dir='ltr'><strong>Domini</strong></span> <span class='ocrx_word' id='word_1_158' title='bbox 624 3455 774 3542; x_wconf 84' lang='lat' dir='ltr'><strong>Mccxl</strong></span> <span class='ocrx_word' id='word_1_159' title='bbox 792 3455 990 3570; x_wconf 73' lang='lat' dir='ltr'><strong>(dcclx),</strong></span> <span class='ocrx_word' id='word_1_160' title='bbox 1009 3457 1143 3568; x_wconf 87' lang='lat' dir='ltr'><strong>quinto</strong></span> <span class='ocrx_word' id='word_1_161' title='bbox 1160 3455 1304 3541; x_wconf 88' lang='lat' dir='ltr'><strong>mensis</strong></span> <span class='ocrx_word' id='word_1_162' title='bbox 1321 3457 1493 3568; x_wconf 83' lang='lat' dir='ltr'><strong>augusti,</strong></span> <span class='ocrx_word' id='word_1_163' title='bbox 1517 3456 1672 3538; x_wconf 89' lang='lat' dir='ltr'><strong>duede-</strong></span> <span class='ocrx_word' id='word_1_164' title='bbox 1693 3476 1872 3534; x_wconf 69' lang='lat' dir='ltr'><strong>[mannan-t</strong></span> 
     </span>
     <span class='ocr_line' id='line_1_20' title="bbox 262 3589 1673 3702; baseline -0.002 -27"><span class='ocrx_word' id='word_1_165' title='bbox 262 3589 589 3697; x_wconf 86' lang='lat' dir='ltr'><strong>cimaindictione,</strong></span> <span class='ocrx_word' id='word_1_166' title='bbox 600 3591 743 3674; x_wconf 89' lang='lat' dir='ltr'><strong>domna</strong></span> <span class='ocrx_word' id='word_1_167' title='bbox 753 3589 973 3674; x_wconf 83' lang='lat' dir='ltr'><strong>Constantia</strong></span> <span class='ocrx_word' id='word_1_168' title='bbox 981 3591 1029 3674; x_wconf 92' lang='lat' dir='ltr'><strong>de</strong></span> <span class='ocrx_word' id='word_1_169' title='bbox 1043 3590 1235 3702; x_wconf 80' lang='lat' dir='ltr'><strong>dragonia</strong></span> <span class='ocrx_word' id='word_1_170' title='bbox 1248 3589 1429 3701; x_wconf 86' lang='lat' dir='ltr'><strong>applicuit</strong></span> <span class='ocrx_word' id='word_1_171' title='bbox 1440 3591 1673 3673; x_wconf 90' lang='lat' dir='ltr'><strong>Panormum</strong></span> 
     </span>
     <span class='ocr_line' id='line_1_21' title="bbox 263 3720 1674 3834; baseline -0.001 -26"><span class='ocrx_word' id='word_1_172' title='bbox 263 3726 479 3809; x_wconf 82' lang='lat' dir='ltr'><strong>aldomnus</strong></span> <span class='ocrx_word' id='word_1_173' title='bbox 495 3751 562 3808; x_wconf 85' lang='lat' dir='ltr'><strong>rex</strong></span> <span class='ocrx_word' id='word_1_174' title='bbox 579 3724 790 3808; x_wconf 88' lang='lat' dir='ltr'><strong>Fridericns</strong></span> <span class='ocrx_word' id='word_1_175' title='bbox 808 3724 849 3806; x_wconf 94' lang='lat' dir='ltr'><strong>in</strong></span> <span class='ocrx_word' id='word_1_176' title='bbox 863 3724 997 3808; x_wconf 90' lang='lat' dir='ltr'><strong>eodem</strong></span> <span class='ocrx_word' id='word_1_177' title='bbox 1013 3749 1144 3808; x_wconf 89' lang='lat' dir='ltr'><strong>mense</strong></span> <span class='ocrx_word' id='word_1_178' title='bbox 1159 3723 1403 3834; x_wconf 82' lang='lat' dir='ltr'><strong>desponsavit</strong></span> <span class='ocrx_word' id='word_1_179' title='bbox 1414 3748 1499 3805; x_wconf 89' lang='lat' dir='ltr'><strong>eam</strong></span> <span class='ocrx_word' id='word_1_180' title='bbox 1510 3720 1674 3834; x_wconf 59' lang='lat' dir='ltr'><strong>(llin-</strong></span> 
     </span>
     <span class='ocr_line' id='line_1_22' title="bbox 263 3855 1674 3968; baseline 0.001 -29"><span class='ocrx_word' id='word_1_181' title='bbox 263 3860 345 3942; x_wconf 84' lang='lat' dir='ltr'><strong>uol.</strong></span> <span class='ocrx_word' id='word_1_182' title='bbox 367 3856 444 3940; x_wconf 87' lang='lat' dir='ltr'><strong>Sic.</strong></span> <span class='ocrx_word' id='word_1_183' title='bbox 461 3857 908 3968; x_wconf 79' lang='lat' dir='ltr'><strong>ap.Munlron1,Script.,</strong></span> <span class='ocrx_word' id='word_1_184' title='bbox 926 3867 956 3940; x_wconf 90' lang='lat' dir='ltr'><strong>t.</strong></span> <span class='ocrx_word' id='word_1_185' title='bbox 968 3857 1017 3966; x_wconf 88' lang='lat' dir='ltr'><strong>V,</strong></span> <span class='ocrx_word' id='word_1_186' title='bbox 1035 3884 1075 3968; x_wconf 92' lang='lat' dir='ltr'><strong>p.</strong></span> <span class='ocrx_word' id='word_1_187' title='bbox 1097 3855 1438 3942; x_wconf 80' lang='lat' dir='ltr'><strong>603.-Alf0nsus</strong></span> <span class='ocrx_word' id='word_1_188' title='bbox 1455 3857 1674 3942; x_wconf 85' lang='lat' dir='ltr'><strong>Provinciae</strong></span> 
     </span>
    </p>
   </div>
   <div class='ocr_carea' id='block_1_7' title="bbox 264 4173 1676 4828">
    <p class='ocr_par' dir='ltr' id='par_1_7' title="bbox 264 4173 1676 4736">
     <span class='ocr_line' id='line_1_23' title="bbox 302 4173 1675 4250; baseline 0.002 -18"><span class='ocrx_word' id='word_1_189' title='bbox 302 4175 337 4250; x_wconf 81' lang='lat' dir='ltr'><strong>(tt</strong></span> <span class='ocrx_word' id='word_1_190' title='bbox 355 4174 423 4234; x_wconf 86' lang='lat' dir='ltr'><strong>Cum</strong></span> <span class='ocrx_word' id='word_1_191' title='bbox 436 4191 531 4234; x_wconf 84' lang='lat' dir='ltr'><strong>mense</strong></span> <span class='ocrx_word' id='word_1_192' title='bbox 541 4175 617 4250; x_wconf 77' lang='lat' dir='ltr'><strong>iunio</strong></span> <span class='ocrx_word' id='word_1_193' title='bbox 628 4175 779 4234; x_wconf 83' lang='lat' dir='ltr'><strong>Frlderiotra</strong></span> <span class='ocrx_word' id='word_1_194' title='bbox 791 4177 924 4234; x_wconf 83' lang='lat' dir='ltr'><strong>Panurmu</strong></span> <span class='ocrx_word' id='word_1_195' title='bbox 936 4174 1044 4248; x_wconf 70' lang='lat' dir='ltr'><strong>edent,</strong></span> <span class='ocrx_word' id='word_1_196' title='bbox 1058 4173 1175 4234; x_wconf 87' lang='lat' dir='ltr'><strong>Siciliam</strong></span> <span class='ocrx_word' id='word_1_197' title='bbox 1187 4189 1249 4234; x_wconf 88' lang='lat' dir='ltr'><strong>enm</strong></span> <span class='ocrx_word' id='word_1_198' title='bbox 1262 4191 1312 4236; x_wconf 83' lang='lat' dir='ltr'><strong>sua</strong></span> <span class='ocrx_word' id='word_1_199' title='bbox 1324 4180 1449 4234; x_wconf 89' lang='lat' dir='ltr'><strong>consorte</strong></span> <span class='ocrx_word' id='word_1_200' title='bbox 1461 4174 1612 4248; x_wconf 83' lang='lat' dir='ltr'><strong>invisurus,</strong></span> <span class='ocrx_word' id='word_1_201' title='bbox 1627 4193 1675 4236; x_wconf 88' lang='lat' dir='ltr'><strong>ne·</strong></span> 
     </span>
     <span class='ocr_line' id='line_1_24' title="bbox 265 4271 1675 4350; baseline 0.001 -18"><span class='ocrx_word' id='word_1_202' title='bbox 265 4289 343 4332; x_wconf 84' lang='lat' dir='ltr'><strong>oense</strong></span> <span class='ocrx_word' id='word_1_203' title='bbox 355 4271 386 4331; x_wconf 84' lang='lat' dir='ltr'><strong>nt</strong></span> <span class='ocrx_word' id='word_1_204' title='bbox 400 4280 430 4331; x_wconf 94' lang='lat' dir='ltr'><strong>ut</strong></span> <span class='ocrx_word' id='word_1_205' title='bbox 442 4279 505 4330; x_wconf 85' lang='lat' dir='ltr'><strong>ante</strong></span> <span class='ocrx_word' id='word_1_206' title='bbox 518 4289 637 4332; x_wconf 77' lang='lat' dir='ltr'><strong>mamam</strong></span> <span class='ocrx_word' id='word_1_207' title='bbox 660 4281 803 4350; x_wconf 75' lang='lat' dir='ltr'><strong>rognum</strong></span> <span class='ocrx_word' id='word_1_208' title='bbox 824 4273 976 4334; x_wconf 68' lang='lat' dir='ltr'><strong>eelebmmt</strong></span> <span class='ocrx_word' id='word_1_209' title='bbox 996 4272 1097 4332; x_wconf 87' lang='lat' dir='ltr'><strong>luerint</strong></span> <span class='ocrx_word' id='word_1_210' title='bbox 1114 4274 1237 4348; x_wconf 83' lang='lat' dir='ltr'><strong>nuptine;</strong></span> <span class='ocrx_word' id='word_1_211' title='bbox 1252 4273 1324 4332; x_wconf 89' lang='lat' dir='ltr'><strong>unde</strong></span> <span class='ocrx_word' id='word_1_212' title='bbox 1344 4273 1415 4331; x_wconf 89' lang='lat' dir='ltr'><strong>circa</strong></span> <span class='ocrx_word' id='word_1_213' title='bbox 1434 4273 1552 4331; x_wconf 86' lang='lat' dir='ltr'><strong>medium</strong></span> <span class='ocrx_word' id='word_1_214' title='bbox 1567 4279 1675 4350; x_wconf 84' lang='lat' dir='ltr'><strong>tempus</strong></span> 
     </span>
     <span class='ocr_line' id='line_1_25' title="bbox 265 4369 1676 4448; baseline 0.004 -22"><span class='ocrx_word' id='word_1_215' title='bbox 265 4369 338 4427; x_wconf 84' lang='lat' dir='ltr'><strong>inter</strong></span> <span class='ocrx_word' id='word_1_216' title='bbox 349 4369 514 4428; x_wconf 75' lang='lat' dir='ltr'><strong>februarium</strong></span> <span class='ocrx_word' id='word_1_217' title='bbox 527 4387 581 4444; x_wconf 87' lang='lat' dir='ltr'><strong>quo</strong></span> <span class='ocrx_word' id='word_1_218' title='bbox 595 4370 750 4430; x_wconf 67' lang='lat' dir='ltr'><strong>domantia</strong></span> <span class='ocrx_word' id='word_1_219' title='bbox 768 4372 883 4430; x_wconf 79' lang='lat' dir='ltr'><strong>Sldliam</strong></span> <span class='ocrx_word' id='word_1_220' title='bbox 896 4371 1000 4447; x_wconf 88' lang='lat' dir='ltr'><strong>appulit</strong></span> <span class='ocrx_word' id='word_1_221' title='bbox 1016 4375 1046 4428; x_wconf 85' lang='lat' dir='ltr'><strong>et</strong></span> <span class='ocrx_word' id='word_1_222' title='bbox 1057 4376 1212 4445; x_wconf 78' lang='lat' dir='ltr'><strong>augustum,</strong></span> <span class='ocrx_word' id='word_1_223' title='bbox 1228 4371 1329 4430; x_wconf 88' lang='lat' dir='ltr'><strong>scilicet</strong></span> <span class='ocrx_word' id='word_1_224' title='bbox 1340 4370 1411 4428; x_wconf 85' lang='lat' dir='ltr'><strong>circa</strong></span> <span class='ocrx_word' id='word_1_225' title='bbox 1424 4371 1539 4442; x_wconf 89' lang='lat' dir='ltr'><strong>malum,</strong></span> <span class='ocrx_word' id='word_1_226' title='bbox 1553 4388 1611 4430; x_wconf 86' lang='lat' dir='ltr'><strong>rem</strong></span> <span class='ocrx_word' id='word_1_227' title='bbox 1625 4389 1676 4448; x_wconf 91' lang='lat' dir='ltr'><strong>ap-</strong></span> 
     </span>
     <span class='ocr_line' id='line_1_26' title="bbox 264 4465 1673 4542; baseline 0.005 -20"><span class='ocrx_word' id='word_1_228' title='bbox 264 4465 418 4540; x_wconf 88' lang='lat' dir='ltr'><strong>ponendam</strong></span> <span class='ocrx_word' id='word_1_229' title='bbox 431 4466 600 4525; x_wconf 85' lang='lat' dir='ltr'><strong>arbitramur.</strong></span> <span class='ocrx_word' id='word_1_230' title='bbox 611 4468 651 4526; x_wconf 79' lang='lat' dir='ltr'><strong>cl.</strong></span> <span class='ocrx_word' id='word_1_231' title='bbox 664 4468 948 4540; x_wconf 60' lang='lat' dir='ltr'><strong>praemanentes·</strong></span> <span class='ocrx_word' id='word_1_232' title='bbox 958 4467 1091 4538; x_wconf 77' lang='lat' dir='ltr'><strong>Polemo,</strong></span> <span class='ocrx_word' id='word_1_233' title='bbox 1101 4475 1122 4524; x_wconf 92' lang='lat' dir='ltr'><strong>t.</strong></span> <span class='ocrx_word' id='word_1_234' title='bbox 1132 4468 1178 4538; x_wconf 92' lang='lat' dir='ltr'><strong>lll,</strong></span> <span class='ocrx_word' id='word_1_235' title='bbox 1189 4485 1216 4542; x_wconf 85' lang='lat' dir='ltr'><strong>p</strong></span> <span class='ocrx_word' id='word_1_236' title='bbox 1228 4471 1291 4540; x_wconf 76' lang='lat'><strong>526,</strong></span> <span class='ocrx_word' id='word_1_237' title='bbox 1305 4467 1352 4526; x_wconf 87' lang='lat' dir='ltr'><strong>ubi</strong></span> <span class='ocrx_word' id='word_1_238' title='bbox 1365 4469 1430 4525; x_wconf 88' lang='lat' dir='ltr'><strong>citat</strong></span> <span class='ocrx_word' id='word_1_239' title='bbox 1442 4485 1476 4526; x_wconf 89' lang='lat' dir='ltr'><strong>ex</strong></span> <span class='ocrx_word' id='word_1_240' title='bbox 1487 4468 1563 4526; x_wconf 86' lang='lat' dir='ltr'><strong>ttss.</strong></span> <span class='ocrx_word' id='word_1_241' title='bbox 1573 4471 1673 4530; x_wconf 73' lang='lat' dir='ltr'><strong>auton.</strong></span> 
     </span>
     <span class='ocr_line' id='line_1_27' title="bbox 265 4563 1674 4642; baseline 0.004 -22"><span class='ocrx_word' id='word_1_242' title='bbox 265 4563 352 4620; x_wconf 75' lang='lat' dir='ltr'><strong>Amici</strong></span> <span class='ocrx_word' id='word_1_243' title='bbox 372 4563 539 4639; x_wconf 76' lang='lat' dir='ltr'><strong>privilegium</strong></span> <span class='ocrx_word' id='word_1_244' title='bbox 559 4565 695 4640; x_wconf 84' lang='lat' dir='ltr'><strong>quoddam</strong></span> <span class='ocrx_word' id='word_1_245' title='bbox 712 4567 853 4639; x_wconf 84' lang='lat' dir='ltr'><strong>Fridcrici,</strong></span> <span class='ocrx_word' id='word_1_246' title='bbox 866 4567 959 4626; x_wconf 82' lang='lat' dir='ltr'><strong>dotum</strong></span> <span class='ocrx_word' id='word_1_247' title='bbox 979 4565 1008 4624; x_wconf 91' lang='lat' dir='ltr'><strong>in</strong></span> <span class='ocrx_word' id='word_1_248' title='bbox 1026 4566 1135 4626; x_wconf 82' lang='lat' dir='ltr'><strong>civitute</strong></span> <span class='ocrx_word' id='word_1_249' title='bbox 1153 4566 1291 4639; x_wconf 63' lang='lat' dir='ltr'><strong>Cannae,</strong></span> <span class='ocrx_word' id='word_1_250' title='bbox 1306 4581 1377 4624; x_wconf 88' lang='lat' dir='ltr'><strong>anno</strong></span> <span class='ocrx_word' id='word_1_251' title='bbox 1391 4567 1472 4638; x_wconf 72' lang='lat'><strong>⁴209,</strong></span> <span class='ocrx_word' id='word_1_252' title='bbox 1486 4567 1674 4642; x_wconf 84' lang='lat' dir='ltr'><strong>meuaejunii,</strong></span> 
     </span>
     <span class='ocr_line' id='line_1_28' title="bbox 266 4661 726 4736; baseline 0.013 -19"><span class='ocrx_word' id='word_1_253' title='bbox 266 4663 301 4719; x_wconf 71' lang='lat'><strong>⁴2</strong></span> <span class='ocrx_word' id='word_1_254' title='bbox 314 4661 481 4735; x_wconf 82' lang='lat' dir='ltr'><strong>indictionis,</strong></span> <span class='ocrx_word' id='word_1_255' title='bbox 495 4663 570 4736; x_wconf 83' lang='lat' dir='ltr'><strong>regni</strong></span> <span class='ocrx_word' id='word_1_256' title='bbox 583 4679 654 4722; x_wconf 88' lang='lat' dir='ltr'><strong>anno</strong></span> <span class='ocrx_word' id='word_1_257' title='bbox 665 4665 726 4724; x_wconf 87' lang='lat' dir='ltr'><strong>llll.</strong></span> 
     </span>
    </p>

    <p class='ocr_par' dir='ltr' id='par_1_8' title="bbox 370 4763 1523 4828">
     <span class='ocr_line' id='line_1_29' title="bbox 370 4763 1523 4828; baseline 0.003 -4"><span class='ocrx_word' id='word_1_258' title='bbox 370 4763 397 4826; x_wconf 86' lang='lat' dir='ltr'><strong>l.</strong></span> <span class='ocrx_word' id='word_1_259' title='bbox 1487 4775 1523 4828; x_wconf 83' lang='lat' dir='ltr'><strong>tt</strong></span> 
     </span>
    </p>
   </div>
   <div class='ocr_carea' id='block_1_8' title="bbox 0 0 2213 5954">
    <p class='ocr_par' dir='ltr' id='par_1_9' title="bbox 0 0 2213 5954">
     <span class='ocr_line' id='line_1_30' title="bbox 0 0 2213 5954; baseline 0 0"><span class='ocrx_word' id='word_1_260' title='bbox 0 0 2213 5954; x_wconf 95' lang='lat' dir='ltr'><strong> </strong></span> 
     </span>
    </p>
   </div>
  </div>
 </body>
</html>
