4334 5980
192 573 291 634 lrlnrcr.
310 571 350 656 L]
648 566 844 628 HISTORIA
868 567 1159 630 nlpnollllrlca
1547 570 1607 632 255

193 717 304 782 castro
329 707 405 802 ipso
429 703 691 778 Cathanicnsem
716 703 896 778 ecclesiam
923 704 1142 799 aliquatenus
1169 705 1205 776 in
1235 713 1410 800 posterum
1434 705 1607 800 quispiam

193 833 372 928 inquietet.
393 829 451 903 Ad
468 829 574 922 hujus
593 836 707 900 autem
728 835 843 900 nostre
869 829 1099 902 concessionis
1122 837 1157 902 et
1182 827 1450 902 confirmationis
1475 849 1610 902 memo-

193 957 280 1030 riam
304 966 339 1028 et
363 955 470 1028 robur
499 954 537 1026 in
567 959 732 1048 perpetuo
757 952 962 1045 valiturum,
986 973 1127 1048 presens
1155 953 1376 1048 privilegium
1400 973 1463 1048 per
1482 975 1609 1026 manns

193 1079 485 1176 Philippinotarii
503 1085 538 1150 et
554 1076 667 1151 lidelis
684 1077 792 1150 nostri
819 1077 923 1150 scribi
948 1085 983 1150 et
1007 1078 1195 1171 majestatis
1212 1089 1325 1151 nostre
1346 1077 1460 1172 sigillo
1481 1079 1609 1150 muniri

190 1205 372 1297 jussimus.

243 1331 369 1402 Datum
403 1327 439 1400 in
470 1327 610 1399 civitate
639 1326 796 1399 Messana
827 1347 918 1399 auno
950 1325 1121 1401 dominice
1151 1327 1393 1401 incamaticnis
1424 1327 1607 1419 MCCXlll‚

195 1475 316 1526 mense
333 1452 465 1544 martii,
491 1452 602 1547 prime
623 1451 821 1526 indictionis
840 1452 906 1546 (l),
927 1453 1025 1548 regui
1043 1474 1127 1526 vero
1145 1452 1277 1527 domini
1296 1453 1402 1526 nostri
1421 1453 1483 1526 Dei
1499 1455 1609 1549 gratia

195 1576 359 1650 Friderici
373 1576 465 1669 regis
478 1575 606 1667 Sicilie,
624 1574 952 1670 ducatusApulieet
967 1577 1179 1672 principatus
1191 1577 1307 1673 Cupue
1320 1599 1411 1650 anno
1424 1577 1499 1666 XV,
1510 1577 1608 1671 regui

195 1703 531 1776 verollomanorum
548 1700 690 1788 annul,
715 1701 814 1793 regni
833 1722 916 1774 vero
935 1701 1066 1775 domiui
1083 1702 1189 1774 nostri
1206 1701 1345 1774 Raurici
1368 1699 1428 1771 filii
1455 1703 1530 1793 ejus
1549 1702 1608 1774 Dei

197 1827 306 1918 gratia
323 1825 464 1898 illustris
482 1824 574 1918 regis
587 1823 716 1911 Sicilie,
737 1822 885 1896 ducatus
901 1823 1028 1920 Apulie
1048 1834 1082 1900 el
1099 1826 1312 1930 principatus
1325 1825 1441 1920 Capue
1458 1846 1550 1899 anuo
1561 1827 1607 1917 ll,

197 1950 295 2043 regui
313 1969 396 2022 vero
410 1947 550 2021 domine
563 1946 757 2020 Constantis
770 1947 833 2020 Dei
851 1951 961 2042 gratia
978 1949 1118 2021 illustris
1131 1951 1250 2044 regine
1267 1950 1508 2041 Romanorum,
1522 1971 1612 2024 sem·

197 2095 261 2170 per
276 2083 423 2168 auguste
438 2081 472 2145 et
486 2073 604 2167 regine
621 2072 737 2145 Sicilie
758 2081 895 2168 quarto,
915 2075 1015 2169 regni
1037 2084 1152 2148 aulem
1175 2077 1406 2147 Romanorum
1427 2074 1538 2170 primo
1562 2075 1611 2148 ie·

198 2196 321 2270 liciter.
341 2195 465 2269 Amen.

448 2505 1364 2522 *Μ’-*Ἠμω-

253 2775 484 2882 inidoneus,
500 2776 760 2860 Romanorum
778 2801 864 2879 rex,
886 2776 1157 2857 monasterium
1177 2775 1304 2858 Sancti
1322 2778 1476 2864 loannis
1489 2781 1613 2866 Evan—
1659 2863 1677 2905 Δ
1729 2821 1743 2852 ιι

199 2908 357 3019 gelistue
387 2911 427 2990 in
449 2908 710 2992 Waldhauseu
743 2907 974 2991 Petaviensis
1003 2907 1163 2990 diocesis
1191 2909 1231 2990 in
1264 2913 1465 3019 specialem
1501 2943 1611 2999 suam
1679 2875 1795 2960 ⁰⁸3²¹m¹3

198 3042 469 3149 protectionem
497 3041 648 3151 accipit,
677 3041 854 3124 inhibens
878 3067 926 3122 nc
954 3040 1093 3150 uliquis
1120 3041 1221 3124 idem
1255 3043 1470 3154 iuquietare
1492 3076 1610 3158 prae-

200 3185 341 3256 sumat.
429 3228 431 3243 =
466 3225 469 3233 t

205 3355 221 3364 ..
280 3356 556 3469 (Edld.'1·'.Konz{
575 3364 718 3473 Beytrdpr
740 3373 805 3452 zur
816 3366 970 3472 puebicltte
991 3389 1039 3452 der
1065 3381 1165 3452 lunda
1180 3366 1363 3454 ‘Oerterrrr'cb
1386 3393 1421 3456 ob
1443 3393 1495 3458 der
1514 3399 1610 3478 Eone,

319 3505 343 3560 t.
358 3498 411 3574 IV,
426 3516 458 3577 p.
473 3509 550 3574 446,
566 3509 599 3560 n·
613 3501 656 3561 xl
671 3499 772 3579 (Lina,
790 3497 893 3578 1809),
906 3513 945 3559 ex
961 3497 1166 3578 mugrapho.)

248 3683 444 3760 Fridericus
456 3687 519 3760 Dei
538 3685 646 3781 gralia
659 3687 890 3759 Romanorum
902 3661 965 3758 ren
980 3695 1014 3758 et
1028 3665 1163 3781 semper
1178 3685 1346 3782 augustus
1360 3696 1395 3762 et
1407 3713 1472 3764 rex
1485 3693 1612 3770 Sicilie.

200 3811 326 3884 Notum
351 3811 395 3883 sit
419 3811 580 3884 omnibus
605 3820 675 3882 tam
703 3810 920 3906 presentibus
940 3833 1046 3909 quam
1071 3812 1174 3884 etiam
1192 3813 1374 3887 nascituris
1389 3815 1426 3886 in
1441 3825 1615 3912 posterum
1665 3823 1668 3830 '

200 3935 297 4030 quod
318 3957 382 4009 nos
399 3936 643 4009 monasterium
668 3936 783 4007 Sancti
807 3935 972 4008 lobannis
991 3935 1225 4029 Euangeliste
1240 3935 1276 4007 in
1289 3937 1492 4013 Walthusen
1511 3943 1617 4015 Pala-

201 4057 334 4132 viensis
347 4059 495 4133 diocesis
511 4059 548 4130 in
562 4059 746 4154 specialem
764 4059 857 4152 regie
869 4059 1054 4150 mejestatis
1070 4059 1317 4154 protectionem
1332 4065 1547 4158 accepimus3
1567 4066 1614 4137 itu

201 4183 297 4277 quod
314 4183 344 4256 si
361 4184 442 4280 quis
457 4183 552 4257 idem
568 4183 814 4257 monasterium
833 4181 988 4254 indebite
1008 4183 1190 4256 molestare
1207 4185 1465 4280 presumpserit,
1484 4188 1614 4261 curiam

200 4317 351 4381 nostram
374 4329 412 4382 se
428 4309 563 4382 noverit
586 4307 783 4382 offendisse.
805 4306 841 4378 Si
860 4305 940 4400 quis
957 4315 1072 4379 autem
1096 4317 1214 4380 contra
1240 4319 1433 4404 presentem
1451 4312 1613 4406 paginam

239 4615 275 4692 (l)
294 4617 420 4690 Sequitur
431 4615 466 4676 dc
477 4633 507 4674 re
516 4617 611 4674 eadem
623 4631 685 4673 curn
694 4613 764 4672 notis
775 4613 968 4686 chronologicis
977 4613 1080 4671 eisdem
1091 4613 1316 4673 confirmatorium
1328 4615 1444 4690 diploma
1455 4633 1472 4674 a
1485 4617 1615 4695 Gregorio

203 4711 231 4771 S.
246 4705 378 4773 Theodori
390 4713 524 4774 cardinale
536 4713 664 4772 ccclesiae
673 4711 833 4771 cathenensi
845 4711 990 4782 indultum,
1007 4727 1051 4786 ap.
1066 4711 1189 4770 eumdem
1205 4713 1324 4786 Pirrum,
1339 4712 1422 4789 ibid,
1434 4733 1462 4791 p.
1478 4719 1540 4776 Sti.
1646 4745 1649 4751 f
