4382 5946
262 536 423 620 lanima]
711 534 909 597 HISTORIA
935 535 1228 598 nlruouarlca
1612 538 1670 602 ³01

311 673 398 746 Acta
419 681 500 743 sunt
519 679 635 744 aulem
662 671 728 744 hec
754 691 845 744 anno
867 670 1003 742 Domini
1023 671 1225 744 lll⁰CC⁰Xlll⁰
1245 669 1318 770 (l),
1339 683 1505 766 regnante
1531 673 1672 748 dominc

263 796 436 870 Friderioo
453 796 684 868 Romanomm
707 815 789 888 rege
810 801 958 888 augusto
979 802 1014 867 el
1033 815 1115 890 rege
1134 796 1250 868 Sicilie
1274 797 1438 890 glorioso,
1457 819 1548 872 anno
1574 800 1671 894 regui

263 923 340 1014 ejus
356 919 500 994 Romani
518 920 565 1010 ll,
585 918 683 1012 regni
698 939 782 992 vero
799 919 914 991 Sicilie
930 920 1048 992 Xllll⁰.

311 1045 385 1137 Ego
404 1041 586 1116 Cunradus
605 1041 777 1136 Spirensis
795 1051 829 1114 et
845 1041 1004 1114 Metensis
1019 1043 1213 1140 episcopus,
1231 1045 1418 1140 imperialis
1433 1047 1513 1120 aule
1528 1048 1671 1119 cancel-

264 1165 391 1258 larius,
413 1166 492 1238 vioo
514 1165 646 1238 domini
665 1164 782 1238 Silridi
803 1165 1004 1260 lllaguntino
1021 1166 1114 1240 sedis
1134 1168 1382 1266 archiepiscopi
1403 1177 1437 1244 et
1457 1170 1568 1243 tocius
1586 1171 1670 1243 Ger·

264 1289 380 1362 manie
396 1287 699 1380 archicancellarii,
718 1289 915 1382 recognovi.

316 1412 460 1506 Signum
484 1411 617 1486 domini
640 1412 803 1486 Friderici
824 1412 1054 1486 Romanorum
1067 1415 1176 1509 regis,
1193 1437 1328 1512 semper
1343 1417 1498 1512 augusti,
1523 1424 1558 1490 et
1579 1416 1670 1510 regis

264 1535 391 1608 Sicilie.
414 1535 700 1633 (Moaoprommo.)

314 1661 442 1734 Datum
459 1659 554 1757 apud
568 1661 708 1755 Egram,
730 1660 802 1732 llll⁰
815 1680 923 1734 nonas
934 1660 1038 1753 junii,
1055 1661 1242 1736 indictione
1257 1664 1298 1735 11.

317 2266 548 2367 Fridericus,
566 2264 825 2348 Romanorum
846 2287 933 2368 rex,
952 2260 1173 2372 provinciali
1197 2269 1235 2343 et
1265 2261 1447 2344 fratribus
1472 2262 1669 2374 hospitalis
1699 2293 1862 2404 affin,

263 2398 424 2482 Sanctae
443 2397 583 2482 Mariae
603 2394 924 2479 lerosolimitanae
949 2395 1267 2478 Theutcnicorum
1292 2395 1331 2475 in
1356 2394 1566 2506 Thuringia
1592 2401 1668 2483 sil-
1819 2380 1826 2393 ’

263 2557 353 2614 vam
378 2556 496 2640 prope
521 2529 652 2614 villam
679 2525 887 2610 l'hanbach
918 2525 1030 2608 sitam
1056 2553 1174 2636 quam
1200 2526 1388 2611 Rndollus
1415 2529 1594 2636 pincerna
1620 2534 1669 2616 do

262 2663 412 2747 Fariola
429 2663 469 2744 in
488 2687 626 2746 manus
645 2687 734 2745 suas
751 2659 974 2770 resignavit,
989 2669 1168 2768 perpetuo
1180 2660 1417 2770 proprietatis
1431 2663 1541 2746 titulo
1552 2667 1670 2751 donat

262 2795 545 2905 possidendam.
1128 2831 1129 2835 Ν

344 3009 462 3090 (Inadlt.
476 3027 516 3072 ax
532 3009 666 3090 orlglndl
678 3011 709 3072 ln
722 3008 844 3072 archlvo
856 3006 1030 3086 Dresdensl,
1045 3006 1101 3068 sub
1113 3016 1147 3068 n⁰
1163 3015 1231 3086 18³,
1242 3007 1413 3088 asservato.)

311 3195 350 3266 ln
365 3195 505 3267 nomine
520 3201 638 3268 sancte
653 3203 687 3268 ot
705 3193 888 3268 individue
903 3193 1088 3266 Trinitatis.
1109 3191 1232 3264 Arnen.
1257 3191 1452 3267 Fridericus
1474 3195 1660 3287 secundus,

264 3317 386 3391 divina
395 3320 531 3392 lavante
542 3317 727 3392 clemencia
736 3319 966 3392 Romanorum
980 3338 1057 3407 rex,
1069 3337 1203 3412 semper
1216 3325 1398 3409 augustus,
1413 3326 1448 3390 et
1459 3319 1573 3392 Sicilie
1585 3341 1661 3392 rex.

262 3441 334 3516 Etsi
360 3443 408 3517 ad
434 3443 615 3516 universos
637 3463 725 3537 quos
750 3443 940 3516 Romanum
968 3440 1077 3513 ambit
1102 3440 1283 3535 imperium
1310 3449 1427 3514 nostre
1454 3441 1666 3517 liberalitatis

262 3565 440 3639 dexteram
455 3565 643 3640 extendere
658 3565 863 3651 debeamus;
884 3565 961 3638 illos
974 3572 1088 3638 tamen
1104 3563 1234 3660 pociori
1248 3564 1365 3638 lavore
1378 3566 1616 3662 amplectimur
1631 3577 1666 3640 et

260 3689 426 3763 intimiori
450 3690 691 3788 prosequimur
707 3689 855 3764 caritatis
869 3687 1010 3780 ellectu,
1030 3688 1092 3782 qui
1115 3687 1153 3758 in
1177 3685 1375 3761 defensione
1398 3689 1575 3762 christiani
1601 3709 1666 3762 no·

259 3815 365 3886 minis
375 3835 538 3911 personas
554 3823 588 3887 et
601 3835 657 3886 res
672 3834 846 3910 exponere
857 3833 927 3885 non
941 3811 1137 3886 lormidanl.
1152 3809 1234 3885 ldeo
1249 3811 1419 3885 universis
1430 3822 1586 3887 constare
1599 3836 1662 3887 vo·

259 3939 375 4011 lumns
391 3939 487 4034 quod
508 3959 572 4011 nos
589 3937 636 4010 ob
659 3958 756 4033 spem
777 3935 850 4008 vite
872 3943 989 4008 eterne
1012 3933 1201 4029 quoddam·
1217 3935 1385 4030 lignatum
1405 3937 1480 4011 sive
1504 3938 1663 4010 silvulam

260 4061 500 4156 propevillam
517 4059 704 4133 Thaubach
721 4060 894 4151 situatam,
906 4057 1094 4152 vulgariter
1111 4056 1171 4129 der
1186 4059 1289 4129 Geller
1299 4068 1544 4154 nuncupatam,
1556 4081 1662 4154 qnam

260 4183 386 4257 nobilis
405 4184 573 4258 Rndollus
597 4185 763 4280 pincerna
783 4183 827 4256 de
844 4183 976 4256 Fariola
997 4181 1110 4255 fidelis
1128 4191 1242 4254 noster
1265 4185 1343 4276 jure
1366 4181 1490 4255 leodali
1510 4183 1663 4277 possedit

260 4329 282 4381 a
300 4307 400 4380 nobis
418 4316 452 4381 et
469 4307 505 4380 in
523 4329 648 4381 manus
665 4316 797 4381 nostras
814 4306 1031 4398 resignatam,
1052 4304 1214 4379 dedimus
1231 4305 1433 4401 provinciali
1450 4313 1485 4378 et
1502 4305 1662 4378 fratribus

296 4559 334 4636 (l)
353 4561 422 4620 Anni
438 4578 581 4636 regnorum
601 4567 630 4621 ot
647 4562 796 4621 indictionis
816 4577 957 4633 numerus,
969 4562 1033 4620 dnm
1047 4563 1116 4621 inter
1130 4536 1243 4622 se'bene
1254 4559 1429 4634 concordent,
1443 4565 1487 4618 sat
1497 4557 1602 4618 abunde
1613 4558 1663 4618 de-

258 4665 409 4718 monstrant
421 4661 553 4720 notarium
566 4661 594 4720 in
608 4661 744 4721 noeticae
756 4661 818 4720 anui
829 4659 934 4720 Domini
945 4659 1084 4718 erravime
