4434 5942
263 552 423 638 issimi-1
712 549 909 614 HISTORIA
934 549 1225 614 nllnottal'tctl.
1338 497 1341 505 Ι
1636 549 1678 610 st

262 714 362 773 novo
393 693 541 795 patrem
572 693 609 766 et
630 683 837 768 Ecclesiam
862 687 1075 770 Romanam
1100 697 1283 794 matrem,
1303 684 1391 768 licet
1411 683 1607 793 orphanus
1638 695 1676 768 et

262 819 456 930 pupillus,
476 817 653 900 inveniet.

343 1037 435 1112 (Edlt.
450 1037 482 1096 ln
492 1031 618 1114 Epistol.
630 1035 727 1096 Ionos.
740 1035 857 1111 111,11n.
873 1035 904 1108 1,
917 1045 952 1096 u⁰
965 1045 1035 1112 ⁵6⁵,
1050 1053 1099 1116 cp.
1115 1038 1253 1113 Beuum,
1267 1043 1291 1098 t.
1307 1037 1337 1098 1.
1352 1053 1380 1114 p
1399 1045 1511 1100 m.-
1520 1035 1595 1100 Coll.
1605 1053 1675 1100 cum

384 1143 485 1204 codice
497 1141 575 1204 Bibl.
590 1141 716 1220 Rhedtg.
732 1142 839 1216 Bresl.,
852 1151 885 1204 n⁰
899 1139 960 1222 21.)

314 1330 546 1421 Innocentius,
562 1337 646 1422 etc,
662 1329 845 1404 Frederico
861 1329 987 1402 illustri
1001 1328 1074 1424 regi
1092 1329 1220 1420 Sicilie,
1242 1337 1308 1404 etc.
1328 1328 1431 1415 Quod
1449 1329 1560 1425 prima
1575 1329 1677 1425 primi

266 1453 366 1527 lactis
382 1454 507 1550 pocula
525 1453 588 1526 tibi
607 1454 775 1528 Dominus
792 1455 967 1528 absinthio
987 1453 1143 1547 miscuit,
1159 1453 1221 1549 qui
1240 1453 1302 1527 vix
1322 1454 1411 1527 benc
1428 1453 1677 1528 balbutientem

267 1577 447 1652 infantiam
465 1577 567 1672 quasi
587 1579 753 1652 continua
774 1578 928 1653 reddidit
945 1580 1185 1653 lamentatione
1201 1577 1370 1652 desertam
1390 1587 1425 1652 et
1441 1583 1571 1653 recenti
1585 1603 1678 1676 puc-

267 1702 345 1775 ritie
363 1723 433 1775 nou
451 1702 563 1774 solum
578 1711 762 1796 recentem,
775 1702 838 1777 sed
854 1703 1038 1799 repetitum
1056 1703 1295 1778 amaritudinis
1313 1703 1452 1778 calicem
1466 1703 1676 1800 propinavit,

268 1827 332 1900 tibi
352 1836 520 1922 'tunquam
558 1827 700 1923 speciali
728 1825 925 1924 Apostolice
948 1827 1048 1903 Sedis
1075 1827 1146 1902 lilio
1174 1827 1367 1924 specialiter
1394 1827 1619 1901 condolemus
1646 1836 1682 1900 ct

267 1961 384 2026 tecum
405 1952 532 2048 pariter
554 1961 589 2024 et
605 1951 641 2023 in
658 1959 692 2024 tc
708 1952 890 2048 propinata
909 1951 972 2026 tibi
992 1952 1234 2026 amaritudinis
1251 1950 1449 2026 violentiam
1464 1951 1677 2048 experimur.

268 2075 474 2173 Recepimus
483 2076 576 2150 enim
585 2097 647 2173 pcr
658 2075 804 2150 dilectos
818 2075 907 2150 filios
918 2079 1121 2172 magistrum
1131 2073 1513 2173 G.(B.)subdiaconum
1525 2085 1681 2150 nostrum

189 2197 194 2208 ’
269 2206 306 2273 et
314 2201 353 2271 L.
360 2198 518 2294 judicem
534 2201 673 2273 nuntios
691 2209 781 2294 tuos,
794 2200 889 2275 viros
903 2203 1042 2298 peritos,
1059 2201 1221 2299 providos
1238 2209 1273 2274 et
1286 2199 1463 2292 discretos,
1476 2201 1607 2274 litteras
1623 2209 1683 2276 tue

271 2323 480 2416 serenitatis,
503 2322 632 2398 doloris
650 2333 684 2398 et
704 2324 855 2420 gemitus
875 2327 1111 2424 expressivas,
1132 2325 1261 2424 quibus
1277 2335 1312 2399 ot
1328 2325 1435 2422 patris
1452 2326 1635 2401 decessum
1649 2333 1685 2402 ct

270 2449 390 2520 matris
406 2449 539 2522 obitum
557 2457 630 2522 etas
652 2450 839 2524 tenerrima
856 2450 1065 2547 deploravit,
1086 2459 1125 2525 ut
1136 2459 1217 2548 pote
1236 2472 1306 2546 que
1325 2449 1476 2546 primum
1498 2459 1685 2546 utrumqne

271 2570 355 2644 flers
372 2569 496 2644 didicit
509 2593 614 2666 qnam
635 2573 815 2646 elementis
830 2573 931 2669 plene
947 2573 1093 2648 alterum
1110 2575 1313 2649 nominaret.
1332 2572 1494 2648 Nondum
1514 2575 1607 2648 enim
1629 2597 1686 2649 re-

273 2693 362 2788 gulis
388 2695 532 2768 infantia
558 2717 664 2792 super
690 2707 802 2772 morte
825 2698 933 2794 patris
958 2699 1225 2774 consolationem
1249 2708 1447 2796 acceperat,
1474 2707 1509 2771 et
1532 2697 1686 2771 dolorem

272 2817 455 2913 antiquum
469 2820 720 2915 superveniens
741 2820 869 2894 doloris
885 2821 1021 2895 novitas
1036 2821 1216 2896 renovavit
1233 2829 1269 2893 et
1280 2819 1426 2916 pueritie
1440 2827 1499 2892 tue
1517 2819 1687 2916 primitias

274 2962 395 3016 eornm
409 2942 591 3040 deputavit
603 2945 763 3040 exequiis
775 2967 925 3042 quorum
937 2947 1114 3042 obsequiis
1127 2943 1321 3020 secundum
1342 2951 1465 3016 nature
1479 2944 1559 3037 jura
1569 2943 1687 3036 juvari

275 3065 443 3140 debuerat
470 3089 513 3141 ac
543 3069 712 3142 solicitius
739 3077 775 3142 et
800 3070 1000 3166 diligentius
1029 3070 1182 3145 enutriri.
1213 3069 1342 3142 Vemm
1366 3067 1467 3140 Pater
1493 3067 1687 3142 misericor-

276 3190 413 3265 diarum
431 3192 493 3286 qui
511 3194 707 3266 consclatur
726 3194 871 3268 miseros
892 3195 929 3266 in
949 3195 1044 3268 omni
1067 3191 1285 3266 tribulatione
1305 3199 1340 3265 et
1356 3193 1450 3264 Deus
1473 3191 1587 3264 tocius
1603 3211 1687 3264 oon·

277 3312 452 3391 solutionis
468 3315 568 3388 nobis
583 3325 618 3389 et
634 3317 697 3390 tibi
711 3340 815 3414 super
828 3318 895 3392 hoc
914 3319 1180 3392 consolationem
1192 3315 1318 3390 obtulit
1329 3316 1526 3407 salutarem,
1546 3323 1581 3388 et
1595 3315 1631 3386 in
1645 3335 1688 3388 co

277 3434 341 3508 tibi
361 3438 532 3510 consuluit
551 3439 588 3512 iu
606 3463 678 3538 quo
695 3443 794 3516 visus
818 3443 929 3518 lueret
953 3452 988 3518 te
1010 3443 1262 3538 aliquantulum
1281 3461 1404 3537 aspere
1424 3439 1578 3514 visitare.
1597 3440 1689 3514 Sanc

277 3580 323 3632 ne
343 3559 373 3632 si
396 3571 551 3656 parceret
569 3563 681 3660 virge,
701 3576 736 3640 tc
752 3567 947 3642 secundnm
965 3568 1181 3642 Salomonem
1197 3565 1376 3640 videretur
1388 3564 1518 3658 odisse,
1536 3563 1641 3638 antei
1655 3571 1690 3638 tc

277 3705 348 3756 non
367 3685 551 3780 corriperet
570 3687 756 3781 inlautem,
772 3713 793 3766 a
807 3713 872 3768 sna
887 3693 1070 3768 dilectione
1091 3690 1288 3767 ostenderet
1302 3690 1465 3784 alienum,
1486 3711 1566 3763 cum
1587 3691 1691 3784 juxta

278 3808 511 3882 testimonium
525 3813 629 3887 Sacra
645 3815 821 3912 Scripture
836 3840 925 3912 quos
938 3827 1030 3892 amat
1043 3829 1079 3892 et
1089 3817 1204 3911 arguit
1216 3825 1252 3890 et
1265 3815 1423 3909 castigat,
1439 3823 1479 3886 ut
1494 3814 1591 3910 quod
1608 3824 1642 3888 te
1655 3815 1692 3886 in

277 3931 398 4026 primis
416 3932 568 4010 infancie
584 3947 642 4011 tue
658 3941 759 4012 annis
775 3941 812 4014 in
831 3940 941 4014 lilium
955 3939 1135 4038 adoptaret
1151 3939 1357 4027 ostenderet,
1378 3937 1478 4012 etatis
1496 3948 1556 4011 tue
1574 3937 1691 4033 primi·

279 4053 346 4126 tias
355 4055 619 4135 misericorditer
632 4063 798 4156 visitavit,
812 4067 874 4160 qui
886 4067 1031 4160 castigat
1042 4085 1179 4138 omnem
1191 4062 1301 4135 lilium
1313 4083 1418 4157 quem
1431 4063 1553 4158 recipit
1565 4062 1691 4135 etfacit

280 4175 318 4247 in
339 4181 562 4274 temptatione
580 4195 797 4279 proventum.
819 4189 864 4261 Ut
882 4198 999 4262 autem
1024 4187 1062 4262 id
1084 4185 1306 4261 evidentibus
1334 4184 1473 4258 indiciis
1490 4183 1690 4258 evidentius

281 4299 547 4400 demonstraret,
569 4309 737 4383 vicarium
754 4334 857 4386 suum
875 4312 921 4387 ad
938 4313 1079 4386 tutelam
1098 4323 1192 4386 tuam
1211 4309 1476 4384 misericorditer
1492 4308 1687 4403 deputavit,

280 4423 389 4517 patris
403 4424 575 4503 delectum
589 4441 683 4528 patra
703 4435 765 4507 tibi
782 4435 941 4530 digniore
956 4435 1150 4510 secundum
1165 4434 1424 4508 miserationum
1439 4455 1579 4505 suarum
1598 4431 1689 4504 mul·

281 4545 463 4622 titudinem
492 4574 756 4652 recompensans
779 4571 814 4634 ct
834 4569 976 4634 matrem
1001 4562 1063 4634 tibi
1087 4561 1260 4634 meliorem
1285 4558 1468 4631 restituens
1492 4577 1555 4653 pro
1580 4565 1690 4630 matre

282 4665 463 4767 defuncta,
488 4695 564 4751 eam
586 4678 716 4755 scilicet
741 4682 808 4756 sub
829 4682 940 4780 capite
962 4686 1062 4778 cujus
1084 4683 1162 4756 leva
1184 4691 1220 4756 et
1245 4681 1389 4756 dextera
1413 4678 1506 4754 illius
1535 4679 1625 4754 sicut
1653 4679 1690 4752 in
