4378 5954
537 538 597 602 132
1040 543 1259 609 ntuttttct
1281 545 1459 610 stertunt
1760 543 1840 630 [dn.
1857 545 1944 610 ffll.

535 693 658 746 comm
672 681 713 746 ut
730 695 802 747 non
818 677 932 748 solum
954 675 1003 750 ad
1018 699 1060 750 cu
1076 701 1147 772 que
1159 679 1222 752 tibi
1236 681 1336 754 utilia
1352 679 1539 754 suutctilli
1551 689 1648 752 tuam
1659 677 1946 772 magnificentiam

534 795 773 890 exhortemur,
793 821 915 874 rerum
932 803 1037 874 etiam
1058 825 1247 896 arguamus
1262 803 1423 880 eamdem
1441 805 1472 876 si
1487 804 1580 876 circu
1593 804 1671 898 ipsa
1687 803 1947 876 sollicitudinem

535 943 606 996 nou
624 921 772 998 adhihes
789 947 896 1020 quarn
912 937 1065 1023 oportet,
1086 949 1166 1000 mm
1185 929 1248 1000 tibi
1265 939 1363 1026 pater
1378 930 1489 1002 simus
1506 928 1543 1000 iu
1560 927 1621 1000 illo
1641 927 1704 1021 qui
1719 925 1828 1000 lilium
1845 948 1947 1021 quem

534 1045 649 1141 diligit
666 1049 808 1142 corrigit
824 1061 860 1124 et
876 1053 1034 1148 crntignt.
1048 1054 1122 1125 Tua
1136 1053 1281 1148 quidem
1298 1054 1425 1148 regalis
1438 1053 1606 1126 mrim
1618 1073 1689 1123 non
1706 1049 1842 1142 ignom
1863 1071 1947 1146 qua·

533 1169 612 1246 liter
623 1195 730 1269 super
740 1175 881 1270 negotio
892 1178 1100 1252 matrimonii
1115 1179 1205 1252 iuter
1217 1191 1314 1252 tunm
1328 1199 1480 1252 sororem
1490 1187 1526 1250 et
1539 1176 1754 1250 murinum
1768 1175 1805 1248 in
1818 1175 1947 1249 Christo

533 1295 645 1370 filium
661 1311 817 1374 nostrum
832 1303 1044 1376 Friden’oum
1063 1305 1232 1376 illustrem
1249 1325 1366 1399 regern
1383 1303 1501 1376 Sicilie
1516 1299 1799 1390 consummandi,
1818 1299 1864 1373 de
1878 1322 1947 1395 quo

527 1423 738 1516 iamdudum
752 1448 774 1500 a
792 1437 852 1500 tua
871 1429 982 1503 luerat
998 1426 1139 1502 habitus
1155 1431 1323 1522 genitrice
1340 1439 1518 1518 tractatus,
1534 1425 1724 1522 aliqnando
1740 1435 1854 1498 tecum
1869 1425 1947 1497 tue-

532 1549 643 1621 rimus
660 1550 743 1624 riva
760 1572 848 1625 voce
865 1555 971 1626 locuti
989 1553 1044 1650 (l)
1062 1575 1105 1626 ae
1120 1575 1205 1650 sepe
1229 1577 1291 1650 per
1314 1565 1450 1630 nocuas
1473 1565 1509 1626 te
1529 1554 1659 1626 litte-us
1678 1550 1862 1625 cthtati.
1880 1547 1946 1622 Sed

533 1670 614 1746 licet
634 1674 672 1746 in
689 1697 893 1752 succursum
911 1679 1022 1774 ipsius
1037 1678 1127 1755 duas
1140 1681 1257 1774 galeas
1273 1681 1408 1756 nerito
1429 1677 1630 1770 doefiuaris,
1649 1677 1695 1752 du
1711 1697 1783 1770 quo
1800 1673 1947 1768 regalem

534 1795 753 1894 prudentiam
770 1801 958 1896 plurimum
976 1804 1013 1876 in
1031 1805 1179 1878 llourino
1195 1805 1498 1892 commendamus,
1519 1800 1812 1876 confirmationem
1836 1809 1946 1872 tamen

534 1922 691 2015 ejusdem
712 1925 793 1998 lacti
815 1947 862 2000 ex
879 1937 976 2023 parte
998 1928 1122 2026 pretuli
1145 1932 1238 2024 mgis
1263 1953 1335 2004 non
1352 1933 1429 2004 sine
1445 1928 1563 2004 studio
1577 1936 1694 2000 nostru
1710 1921 1948 1998 sollicitudinis

535 2049 701 2144 acceptati
719 2060 887 2145 qnantum
901 2077 924 2128 n
939 2063 973 2129 te
987 2055 1162 2153 dependet
1185 2059 1264 2154 plus
1281 2079 1389 2153 quam
1403 2055 1595 2152 oportuerit
1613 2063 1648 2126 et
1661 2049 1816 2124 demerit
1832 2049 1948 2124 distu-

537 2171 1029 2272 tisri.1nquoprotecrocun
1047 2185 1184 2280 pridem
1202 2182 1290 2257 illud
1310 2204 1381 2256 non
1403 2181 1580 2254 modicum
1604 2179 1702 2250 risus
1723 2173 1829 2247 fueris
1845 2191 1948 2268 appe-

537 2297 638 2390 tisse,
654 2321 785 2372 morum
809 2301 968 2396 ingerere
984 2329 1055 2380 uon
1072 2309 1219 2382 deberoe
1228 2361 1240 2398 ‚
1256 2330 1338 2380 cunr
1354 2315 1468 2402 preter
1483 2303 1521 2378 id
1535 2302 1631 2398 quod
1648 2323 1696 2374 ex
1711 2299 1771 2372 lali
1788 2297 1949 2372 dilatione

537 2423 743 2518 pregrandis
754 2427 912 2500 utilitatis
921 2433 1168 2526 compendium
1182 2423 1805 2528 impeditur‚detcpossetinsultaudc
1813 2420 1947 2494 referri:

538 2547 663 2622 «Ecce
682 2549 786 2625 homo
801 2555 864 2648 qni
883 2556 975 2652 cepit
989 2567 1025 2630 et
1040 2581 1113 2632 ncn
1131 2559 1243 2654 potuit
1260 2577 1514 2631 consummem.
1525 2579 1544 2622 r
1556 2553 1714 2625 Ceterum
1734 2558 1773 2620 ut
1794 2569 1873 2620 cum
1890 2555 1949 2618 tuo

536 2674 664 2768 pariter
679 2685 789 2772 etpro
804 2687 865 2752 tuo
881 2681 1065 2777 loquamur
1082 2683 1305 2779 honore‚qne
1321 2681 1459 2778 pigritia
1473 2681 1546 2773 jorn
1564 2687 1598 2750 tc
1615 2675 1757 2761 detinet,
1765 2669 1950 2767 quesegui·

535 2800 600 2872 ties
618 2803 862 2896 perlectionem
881 2805 944 2878 tibi
963 2809 1091 2903 negotii
1112 2819 1184 2882 tam
1201 2808 1359 2904 perutile
1374 2803 1555 2879 dissuadet
1571 2811 1612 2874 nt
1628 2799 1756 2896 passim
1771 2793 1950 2892 oportuni-

535 2925 616 2998 tatis
629 2925 797 3002 hodierne
807 2951 881 3002 rem
895 2933 1059 3006 crastines
1076 2943 1112 3006 et
1125 2953 1323 3030 prcoessum
1336 2929 1461 3027 copule
1473 2939 1543 3002 um
1557 2925 1667 3000 felicis
1678 2943 1790 3018 osque
1799 2917 1949 2993 futures?

536 3047 640 3123 Porro
653 3073 724 3124 non
737 3063 791 3126 αἱ
808 3076 871 3150 pro
884 3077 956 3152 qno
971 3057 1102 3154 nuptiis
1119 3067 1189 3130 tam
1207 3055 1401 3152 magnificis
1418 3053 1565 3126 ulterius
1581 3059 1677 3122 tuam
1695 3047 1815 3120 deceat
1826 3065 1950 3140 super·

536 3173 660 3249 sedere
674 3197 838 3252 sororem.
855 3181 1032 3254 Precelsus
1045 3182 1140 3254 enim
1156 3191 1209 3254 est
1225 3202 1374 3277 sponsus
1390 3181 1468 3274 eJ'us
1484 3185 1520 3252 ct
1543 3175 1681 3248 titulum
1708 3170 1801 3266 regis
1822 3169 1950 3242 habeus

537 3319 584 3372 ex
595 3309 694 3373 utero
706 3303 826 3377 matris
840 3325 916 3378 sue.
932 3307 1008 3379 Non
1020 3305 1193 3380 claudicat
1210 3307 1347 3398 generis
1362 3305 1418 3378 sni
1434 3302 1608 3392 nobilitas,
1622 3297 1685 3372 sed
1700 3305 1847 3390 utroque
1862 3291 1950 3390 pedu
2077 3383 2086 3398 ⁶

538 3421 680 3497 firmiter
697 3427 849 3502 subnixu
871 3423 1082 3524 procedens,
1101 3431 1369 3506 descendentem
1391 3453 1412 3502 n
1430 3427 1597 3524 progenie
1619 3425 1656 3496 in
1680 3419 1876 3518 progeniem
1896 3417 1950 3490 sui

538 3548 718 3641 sanguinis
734 3551 1009 3644 magnitudinem
1027 3577 1089 3652 per
1111 3557 1277 3628 virtutum
1295 3552 1483 3649 amplificat
1498 3551 1723 3642 majestatem.
1745 3544 1851 3617 Filios
1870 3540 1951 3636 qui-

540 3669 621 3746 dem
638 3679 673 3744 et
691 3695 800 3770 nepus
813 3675 1075 3771 imperatorum,
1095 3681 1203 3775 patris
1217 3703 1288 3754 non
1304 3675 1540 3766 solummodo,
1556 3673 1619 3746 sed
1637 3682 1672 3744 et
1689 3669 1764 3758 avi;
1786 3667 1952 3740 demetra

540 3796 698 3892 proditus
715 3807 768 3870 est
784 3809 931 3891 angusta
948 3825 1018 3897 que
1036 3805 1200 3878 nimirum
1219 3815 1255 3878 et
1281 3805 1357 3900 ipsu
1377 3802 1497 3897 regina
1517 3798 1633 3873 Sicilie
1652 3795 1744 3888 regis
1767 3788 1951 3886 aliquando

540 3942 638 3995 soror
653 3922 740 4016 luit,
760 3923 852 4018 regis
868 3927 993 4018 amita,
1010 3933 1101 4023 regis
1118 3939 1218 4020 nata,
1238 3939 1274 4004 et
1289 3937 1443 4026 preterea
1459 3925 1573 4022 neptis
1594 3925 1671 4016 ejus
1693 3919 1756 4015 qui
1773 3915 1952 4013 gloriosius

540 4067 645 4143 opere
662 4069 727 4121 rex
739 4071 846 4144 quam
864 4051 1005 4125 nomine
1025 4051 1070 4126 de
1088 4054 1226 4128 duobus
1246 4054 1393 4129 diversis
1410 4062 1445 4126 et
1462 4048 1620 4125 adversis
1636 4045 1810 4140 augustis,
1827 4062 1868 4114 ac
1884 4040 1950 4111 Ve-

540 4173 630 4247 netis
654 4173 802 4268 aliisque
825 4176 986 4268 gentibus
1000 4201 1071 4252 una
1089 4179 1147 4254 die
1164 4183 1310 4254 retertur
1327 4179 1364 4251 in
1383 4175 1532 4251 diversis
1547 4171 1670 4246 mundi
1689 4167 1844 4266 partibus
1867 4161 1952 4235 mari

542 4306 577 4370 et
593 4297 692 4372 aride
708 4299 893 4394 magnifice
913 4301 1156 4400 triumphasse.
1176 4306 1324 4377 Snorum
1349 4301 1493 4397 quidem
1517 4297 1685 4371 natalium
1709 4303 1769 4365 tue
1790 4305 1952 4384 germane

581 4604 618 4680 (l)
636 4607 744 4666 Scilicet
756 4625 819 4668 eum
831 4610 927 4670 Petrus
936 4630 983 4670 rex
992 4613 1146 4688 drogonum
1158 4630 1229 4672 anno
1239 4615 1319 4684 ttul,
1328 4629 1422 4670 meuse
1434 4609 1585 4680 novembri,
1598 4611 1710 4666 llcmam
1720 4597 1953 4672 vmiaeetnhipso

545 4717 651 4762 strumo
664 4705 791 4780 pontifice
803 4711 981 4769 coronandus.
993 4712 1054 4770 vid.
1072 4712 1224 4785 Romam,
1239 4712 1274 4770 ad
1287 4712 1360 4772 huuc
1371 4727 1448 4784 uun,
1460 4715 1475 4780 t
1487 4709 1563 4767 txx
1575 4713 1605 4766 ct
1615 4721 1692 4780 seqq.
