4434 5942
550 569 592 632 48
701 594 708 600 ·
1051 567 1265 630 Futoautct
1289 566 1463 629 sactum
1777 567 1856 648 [Ars.
1875 569 1964 634 1200.

556 706 673 778 tellum
688 711 761 778 erat
776 703 963 796 exercitus,
977 709 1132 798 optatum
1151 702 1337 778 habuimus
1355 702 1400 778 de
1417 704 1558 777 inimico
1571 703 1797 800 triumphum.
1816 707 1860 780 Ut
1873 707 1965 780 enim

557 830 810 924 aliquantulum
830 828 968 924 plenius
989 829 1143 922 eloquar,
1164 829 1265 923 primi
1287 829 1394 902 nostri
1414 829 1475 923 qui
1494 839 1593 902 erant
1610 829 1646 902 in
1666 829 1775 924 prima
1795 830 1875 904 bclli
1893 832 1968 906 acie

557 955 745 1044 constituti,
764 955 844 1027 licet
861 953 897 1026 in
917 953 1036 1049 primis
1057 954 1202 1026 uiriliter
1223 953 1381 1040 iecerint,
1405 953 1486 1028 licet
1507 954 1703 1050 complures
1722 957 1969 1050 prostraverint

558 1091 593 1154 et
608 1079 814 1170 occiderint,
835 1078 1091 1152 multitudinem
1117 1087 1231 1151 tamen
1255 1079 1391 1152 illorum
1412 1079 1474 1174 qui
1495 1079 1635 1152 insimul
1658 1081 1694 1151 in
1716 1101 1776 1153 eos
1795 1079 1970 1155 irruerunt

557 1227 629 1278 non
655 1205 809 1279 valentes
834 1203 1004 1278 sustinere
1028 1203 1084 1277 bis
1110 1211 1205 1299 terga
1233 1203 1372 1278 dedisse
1397 1204 1506 1278 coacti
1531 1215 1632 1296 sunt,
1657 1214 1692 1278 et
1716 1204 1920 1279 benedictus
1947 1229 1969 1280 a

558 1330 704 1404 Domino
722 1329 941 1404 marescallus
956 1328 1010 1402 bis
1028 1350 1087 1402 eos
1104 1329 1235 1424 recepit
1251 1339 1287 1402 ct
1305 1328 1461 1404 defendit
1478 1329 1689 1416 incolumes;
1710 1339 1745 1402 ct
1763 1329 1848 1403 dnm
1865 1332 1970 1404 nimis

557 1463 694 1549 urgeret
711 1463 748 1527 et
767 1462 939 1550 premeret
955 1452 1218 1552 Teutonioorum
1237 1463 1272 1526 et
1288 1451 1527 1548 Agerenorum
1551 1475 1632 1548 pars
1655 1453 1740 1542 alia,
1763 1453 1970 1529 benedictus

558 1580 748 1652 aDomino
765 1579 987 1652 marescallus
1013 1586 1048 1650 et
1072 1577 1127 1650 sui
1153 1577 1362 1650 unanimiter
1386 1585 1422 1651 et
1442 1578 1596 1652 animose
1620 1580 1796 1672 congressi
1822 1579 1859 1651 in
1884 1581 1969 1654 hora

557 1726 628 1777 una
653 1714 688 1776 et
713 1711 842 1799 puncto
864 1723 936 1775 unc
963 1711 1073 1776 castra
1095 1711 1287 1792 verterunt,
1312 1704 1538 1794 fugaverunt,
1564 1713 1746 1799 ceperunt,
1771 1705 1971 1778 oeciderunt

557 1839 593 1904 et
613 1829 816 1903 occiderunt
836 1837 1021 1922 sequentes
1039 1836 1074 1902 et
1094 1836 1360 1923 persequentes,
1381 1827 1494 1900 donec
1513 1827 1561 1900 illi
1585 1831 1646 1922 qui
1665 1827 1820 1922 gladium
1845 1851 1971 1902 evase-

559 1963 638 2026 rant
657 1955 732 2026 loca
759 1961 947 2026 castrorum
974 1975 1052 2026 cum
1075 1952 1238 2025 omnibus
1258 1953 1411 2026 tentoriis
1433 1962 1469 2025 et
1490 1953 1595 2026 rebus
1617 1953 1691 2025 suis
1718 1953 1916 2026 desererent
1937 1967 1972 2028 et

561 2101 599 2154 se
611 2100 675 2174 per
691 2099 814 2173 aspera
832 2078 1013 2165 montium,
1034 2100 1095 2173 per
1113 2099 1264 2151 concava
1280 2077 1422 2150 vallium
1439 2087 1474 2150 et
1491 2076 1630 2152 defossa
1648 2087 1817 2150 terrarum
1836 2077 1972 2173 dispar·

559 2212 679 2299 gerent
696 2211 731 2278 et
751 2202 788 2276 in
810 2200 904 2276 viam
927 2201 1129 2298 perditionis
1150 2201 1295 2277 abirent.
1316 2201 1467 2288 Quidam
1488 2211 1603 2276 autem
1626 2203 1759 2292 Pisani,
1780 2213 1819 2276 nt
1839 2202 1971 2277 dictum

560 2337 629 2422 cst,
648 2349 793 2400 numero
806 2327 987 2423 quingenti
1006 2327 1220 2423 etamplius,
1241 2327 1370 2422 quibus
1387 2327 1532 2422 qnidam
1551 2338 1687 2423 preerat
1700 2327 1840 2401 nomine
1861 2329 1972 2402 Bene-

562 2453 691 2545 dictus,
712 2453 774 2548 qui
792 2463 827 2525 et
844 2453 918 2548 ipse
931 2453 1089 2545 Pisanus,
1110 2452 1236 2527 Montis
1254 2453 1389 2548 Regalis
1405 2461 1568 2526 montana
1581 2453 1761 2541 tenebant,
1781 2463 1817 2526 et
1838 2452 1973 2528 infinita

561 2581 823 2651 Sarracenornm
846 2575 1031 2650 multitudo
1058 2587 1132 2650 crat
1155 2577 1307 2650 ibicum
1330 2577 1401 2670 eis,
1422 2578 1469 2651 ad
1494 2577 1721 2652 custodienda
1745 2579 1820 2652 loca
1845 2579 1973 2652 debilia

561 2704 750 2778 constituti.
775 2701 844 2776 Sed
867 2703 1107 2799 quamprimo
1130 2705 1327 2778 nuntiatum
1350 2714 1403 2778 est
1426 2704 1576 2794 bellum,
1602 2704 1738 2799 pedites
1763 2705 1869 2778 nostri
1893 2727 1973 2778 cum

561 2829 687 2902 comite
705 2828 826 2902 Gentili
853 2837 888 2902 et
910 2827 1035 2902 comite
1058 2827 1224 2921 llalgario
1241 2837 1276 2901 et
1296 2827 1507 2922 quibusdam
1527 2827 1604 2900 aliis
1625 2827 1793 2901 militibus
1818 2837 1975 2926 potenter

561 2953 810 3044 ascenderunt,
831 2951 1117 3027 transcenderunt
1133 2961 1168 3026 et
1186 2952 1410 3026 obtinuerunt
1428 2960 1590 3026 montana
1607 2961 1642 3025 et
1658 2975 1778 3026 omnes
1798 2955 1869 3028 iera
1890 2963 1976 3050 quot

563 3079 613 3152 ibi
629 3077 762 3152 inventi
780 3087 863 3150 sunt
876 3077 913 3150 in
929 3099 989 3150 ore
1004 3075 1113 3170 gladii
1126 3085 1327 3174 posuerunt.
1344 3075 1552 3150 Benedictus
1565 3086 1681 3150 numm
1694 3077 1752 3151 ille
1765 3079 1827 3174 qui
1840 3087 1976 3176 preerat

564 3227 643 3278 oum
663 3203 785 3300 paucis
803 3201 930 3276 dicitur
948 3201 1118 3294 euasisse;
1137 3200 1201 3274 sed
1223 3199 1421 3296 etquidem
1440 3202 1648 3276 Sarracems
1665 3204 1804 3276 nomina
1825 3203 1976 3299 Magded

432 3315 437 3340 ¹
563 3330 625 3426 qni
641 3328 798 3402 omnium
817 3335 892 3400 crat
908 3326 1072 3419 magister
1087 3335 1122 3400 et
1139 3325 1227 3416 dux,
1247 3325 1296 3398 ibi
1314 3347 1456 3422 quoque
1474 3335 1653 3400 cuneatus
1672 3337 1707 3401 et
1723 3338 1881 3402 mortuus
1896 3329 1972 3401 fuit.

564 3453 787 3528 Marcualdus
804 3473 888 3526 vero
904 3471 975 3546 quo
997 3461 1033 3526 et
1057 3473 1136 3524 cum
1160 3461 1246 3546 quot
1272 3461 1334 3526 aut
1355 3452 1545 3549 quibusda
1569 3454 1642 3526 suis
1662 3453 1839 3550 aufugerit
1860 3453 1977 3528 adhuc

564 3579 729 3651 nescitur.
757 3577 894 3650 Scimus
915 3585 1030 3650 antem
1050 3577 1134 3672 quia
1155 3576 1213 3648 ille
1238 3597 1350 3672 nuper
1371 3577 1550 3650 hominum
1574 3587 1610 3650 et
1635 3577 1763 3651 diaboli
1789 3578 1974 3671 mediator,

565 3703 743 3800 predictus
756 3701 938 3776 llainerius
952 3703 997 3776 de
1010 3702 1170 3775 llanente
1188 3711 1309 3797 captus
1324 3712 1377 3776 est
1394 3711 1429 3776 et
1443 3703 1479 3774 in
1501 3723 1638 3778 carcere
1655 3703 1805 3798 positus,
1823 3711 1859 3777 et
1878 3703 1978 3776 multi

566 3829 626 3902 alii
645 3827 690 3901 de
709 3827 897 3922 majoribus
914 3835 950 3900 ct
964 3827 1164 3900 melioribus
1177 3847 1326 3920 quornm
1346 3827 1487 3902 nomina
1507 3829 1625 3902 nescio
1644 3828 1690 3902 de
1706 3827 1863 3902 exercitu
1883 3827 1978 3900 Illar-

566 3954 696 4028 cualdi.
716 3953 807 4039 Quot
828 3964 944 4026 autem
963 3952 1076 4047 etqui
1098 3952 1168 4024 sint
1185 3951 1288 4024 occisi
1304 3952 1494 4042 nescimus,
1520 3953 1650 4025 scimus
1669 3963 1785 4026 autam
1804 3955 1931 4026 multos
1945 3963 1981 4026 et

565 4081 715 4176 optimos
735 4079 853 4154 luisse.
876 4078 994 4174 Spolia
1016 4098 1138 4151 eorum
1165 4077 1274 4151 multa
1297 4087 1331 4150 et
1355 4080 1504 4174 pretiosa
1528 4079 1685 4170 fuerunt,
1707 4079 1754 4152 ita
1772 4077 1869 4172 quod
1888 4085 1980 4150 totus

566 4207 625 4280 ille
643 4205 719 4280 dies
734 4205 798 4279 vix
817 4204 863 4279 ad
880 4203 1136 4300 exportandum
1155 4203 1301 4275 suffecit.
1320 4203 1391 4277 Hec
1411 4213 1577 4298 astorgo,
1600 4203 1758 4296 domine,
1779 4201 1856 4277 dies
1873 4225 1979 4298 quarn

567 4332 647 4404 fecit
666 4331 847 4418 Dominus,
872 4329 947 4403 dies
967 4337 1082 4424 optate
1098 4328 1345 4424 redemptionis
1365 4337 1400 4401 et
1421 4329 1550 4418 letitie,
1574 4328 1650 4403 dies
1670 4330 1795 4425 inqua
1815 4326 1980 4421 magnili-

566 4465 682 4529 catum
700 4465 736 4529 et
750 4453 973 4528 benedictum
989 4462 1042 4526 est
1060 4475 1186 4526 nomen
1203 4462 1369 4546 uestrum,
1392 4453 1480 4545 dies,
1499 4454 1659 4548 inquam,
1677 4475 1747 4548 que
1766 4461 1802 4525 ct
1818 4453 1917 4526 nobis
1934 4451 1981 4524 de

565 4581 664 4653 hoste
689 4579 867 4654 victoriam
894 4578 1039 4653 contulit
1063 4587 1099 4650 et
1121 4579 1195 4651 viro
1219 4577 1360 4673 egregio
1387 4579 1587 4652 marescallo
1614 4601 1693 4651 cum
1719 4577 1881 4651 omnibus
1906 4577 1980 4649 suis

567 4727 692 4779 nomen
721 4705 906 4802 acquisivit
933 4713 1102 4780 eternum.
1125 4703 1239 4777 Faciat
1262 4705 1356 4778 Deus
1382 4713 1421 4777 ut
1446 4704 1478 4778 ei
1506 4703 1756 4801 respondeatur
1785 4702 1980 4777 secundum
