4378 5954
225 534 325 596 lunser.
343 531 406 616 12]
675 531 873 593 HISTORIA
896 529 1187 593 burnaharlca
1579 526 1637 589 lla

272 668 468 744 Fridericus
482 667 605 744 diviua
619 669 758 742 fauente
778 669 957 744 elementia
967 691 1032 742 rex
1044 667 1172 760 Sicilie,
1189 665 1337 740 ducatus
1351 662 1478 760 Apulis
1494 671 1529 736 et
1540 663 1636 760 priu-

225 794 360 892 cipatus
376 793 502 892 Capua.
523 793 608 867 Cum
625 793 671 868 de
683 797 762 890 jure
773 796 819 869 ad
834 817 955 870 omues
967 793 1127 889 regimini
1141 813 1207 866 suo
1219 791 1405 884 subjectos,
1421 797 1488 862 eto.

272 920 398 992 Datum
415 918 451 990 in
469 917 556 991 urbe
578 919 669 992 lelioi
689 919 868 1012 Panormi,
886 941 948 1017 per
965 941 1090 994 munus
1108 915 1272 992 Gualterii
1288 915 1334 990 de
1351 915 1477 990 Paleua
1491 933 1635 990 venera·

225 1042 305 1116 bilis
323 1041 546 1116 cathinensis
562 1043 714 1141 episcopi
734 1053 769 1117 et
787 1045 886 1138 regui
906 1043 1021 1118 Sicilie
1040 1041 1251 1134 cancellarii,
1272 1061 1364 1114 anuo
1388 1037 1560 1114 dominice
1577 1037 1636 1110 iu-

227 1167 434 1240 carnationis
451 1167 634 1242 millesimo
652 1167 888 1243 ducentesimo
900 1191 1004 1255 nono,
1025 1189 1144 1240 mense
1156 1164 1332 1258 februarii,
1355 1161 1561 1237 duodecime
1579 1161 1636 1233 in-

228 1289 399 1384 dictionis,
420 1291 518 1386 regui
538 1313 622 1366 vero
639 1291 770 1366 domini
784 1293 890 1367 nostri
904 1291 1065 1367 Friderici
1083 1291 1175 1386 regis
1187 1289 1318 1384 Sicilie,
1334 1288 1481 1362 ducatus
1494 1283 1633 1384 Apulia,

228 1415 441 1512 principatus
457 1415 572 1513 Capua
589 1439 681 1492 anuo
698 1418 898 1512 undecimo,
918 1417 1070 1493 feliciter.
1086 1415 1209 1490 Amen.

455 1725 631 1738 m-

280 1997 521 2083 lnnocentius
538 2025 637 2109 papa
656 1998 786 2085 Ottoui
804 1997 885 2109 regi
901 1996 1160 2081 Romanorum
1177 1996 1380 2106 respondet
1397 2019 1438 2078 se
1450 1993 1638 2078 Fridcrioo

227 2131 308 2243 regi
327 2132 475 2217 Siciliae
497 2159 611 2242 super
636 2131 684 2214 iis
710 2157 809 2242 quae
837 2131 887 2214 ad
912 2156 1076 2242 regnum
1102 2129 1185 2240 ejus
1215 2129 1400 2240 pertinere
1430 2138 1639 2212 noscuntur

228 2291 342 2347 suum
361 2265 547 2350 auxilium
570 2266 792 2350 subtrahere
818 2291 896 2349 uon
923 2265 1078 2372 debere,
1103 2264 1175 2374 ipsi
1201 2290 1290 2348 uero
1318 2289 1386 2348 sau
1416 2263 1480 2346 alii
1509 2271 1640 2346 cauma

228 2397 356 2507 ipsum
375 2398 554 2484 Ottonem
571 2399 723 2482 nullum
741 2399 910 2482 savorem
927 2398 1111 2508 impertiri
1128 2397 1238 2481 velle.

312 2611 410 2690 (Edld.
425 2611 563 2686 amezo,
577 2613 675 2693 Epist.
690 2613 787 2674 Iaaoc.
803 2613 857 2688 111,
872 2619 896 2673 t.
914 2616 940 2687 l,
955 2630 985 2692 p.
1004 2621 1075 2686 76²,
1092 2627 1131 2672 cn
1149 2613 1274 2692 registro
1292 2613 1397 2690 imper.
1408 2611 1451 2675 Cl.
1467 2613 1639 2691 harusam,
1778 2671 1781 2678 ,

348 2717 459 2780 Anam.
476 2717 583 2797 natea,
598 2721 637 2782 od
649 2737 721 2782 ann.
738 2730 828 2802 laos,
839 2717 863 2804 s
875 2719 942 2801 lx)

278 2907 516 2998 innocentius,
545 2915 637 2999 etc,
665 2907 786 2980 illustri
816 2907 890 3002 regi
920 2907 1034 2980 Ottoui
1069 2907 1106 2980 iu
1138 2907 1369 2980 Romanorum
1402 2905 1641 3003 imperatorem

228 3029 349 3120 electo,
370 3037 436 3104 etc.
460 3031 545 3106 Cum
563 3033 759 3106 carissimus
781 3034 817 3105 iu
835 3030 968 3106 Christo
985 3032 1076 3106 filius
1098 3043 1212 3106 noster
1229 3029 1429 3105 Fredericus
1446 3031 1560 3105 Sicilie
1577 3053 1642 3104 rex

229 3153 370 3228 illustris
395 3165 466 3230 tam
495 3179 541 3231 ex
564 3167 706 3254 paterna
725 3179 832 3252 quam
855 3167 1009 3231 mamma
1032 3155 1255 3254 dispositione
1278 3155 1372 3230 duali
1392 3156 1437 3228 sit
1457 3155 1642 3252 apostolice

230 3299 313 3352 cure
330 3301 371 3353 ac
386 3283 491 3355 tutele
506 3282 666 3376 relictus,
688 3283 833 3379 ipseque
850 3293 959 3356 totum
977 3305 1122 3378 reguum
1139 3282 1253 3354 Sicilie
1268 3303 1290 3354 a
1305 3283 1459 3353 Romana
1477 3289 1590 3354 teneat
1607 3289 1641 3354 et

168 3403 171 3408 ’
230 3414 454 3499 recognoscat
467 3407 636 3499 Ecclesia,
656 3408 746 3481 sicut
760 3409 853 3484 idem
868 3409 970 3481 nohis
985 3417 1149 3502 tanquam
1165 3407 1334 3480 vassallus
1352 3406 1493 3480 domino
1509 3406 1641 3480 ratione

230 3526 406 3602 fidelitatis
423 3529 526 3605 debet
538 3532 693 3627 astringi,
711 3533 762 3605 sic
780 3554 844 3606 nos
857 3531 971 3606 eidem
990 3541 1154 3628 tanquam
1170 3531 1331 3605 domiuus
1347 3531 1494 3605 vassallo
1509 3531 1641 3604 ratione

230 3652 412 3748 legalitatis
427 3653 596 3728 debemus
610 3655 744 3730 adesse.
760 3655 860 3728 Unde
873 3678 977 3752 super
991 3655 1033 3727 iis
1047 3677 1116 3750 que
1131 3652 1178 3728 ad
1189 3675 1335 3748 regnum
1347 3653 1456 3751 ipsius
1469 3654 1640 3750 pertinere

231 3785 419 3850 noscuntur
434 3801 498 3852 nec
517 3779 679 3854 volumus
693 3801 758 3853 uec
776 3779 942 3852 debemus
956 3779 989 3854 ei
1007 3787 1160 3852 nostrum
1176 3777 1377 3852 subtrahere
1394 3779 1565 3852 auxilium
1583 3780 1639 3852 vel

230 3900 401 3991 favorem,
421 3925 500 3975 cum
518 3903 712 3976 secundum
731 3905 922 4000 apostolum
940 3903 1101 3977 omuibus
1116 3903 1224 3976 simus
1244 3903 1279 3975 iu
1294 3903 1426 3996 justitia
1450 3902 1634 3978 debitores.

230 4021 333 4097 Porro
350 4047 415 4098 nec
433 4027 499 4122 ipsi
516 4049 581 4101 neo
604 4029 662 4100 alii
678 4037 834 4116 nostrum
851 4037 968 4102 contra
985 4037 1020 4101 te
1040 4027 1276 4125 disposuimus
1292 4030 1445 4102 favorem
1463 4029 1520 4102 vel
1537 4030 1638 4102 auxi·

228 4133 317 4222 lium
344 4150 509 4246 impertiri
537 4175 643 4247 quem
672 4163 848 4249 tantopere
873 4154 1072 4227 studuimus
1100 4175 1322 4250 promovere,
1349 4175 1428 4225 eum
1458 4162 1638 4247 procerte

231 4295 410 4370 speremus
422 4277 529 4371 quod,
541 4278 630 4350 siem
645 4300 706 4374 per
722 4287 799 4351 tuas
812 4279 913 4352 nobis
928 4281 1056 4352 litteras
1067 4279 1245 4371 intimasti,
1257 4286 1336 4350 tuos
1350 4285 1480 4372 optatos
1494 4287 1638 4350 eventus

232 4407 308 4493 post
335 4401 444 4472 Deum
473 4402 573 4474 nobis
599 4402 776 4477 adscribas
805 4413 838 4477 et
865 4425 1001 4476 omnem
1029 4403 1173 4500 gloriam
1198 4425 1267 4497 qua
1290 4411 1324 4474 te
1351 4401 1470 4476 divina
1498 4401 1638 4494 dignata
1746 4467 1753 4484 ,

234 4523 337 4596 suerit
365 4526 544 4600 clementia
574 4527 762 4602 sublimare
796 4550 875 4601 cum
906 4529 1058 4601 Romana
1091 4527 1177 4599 velis
1207 4527 1360 4599 Ecclesia
1391 4545 1454 4620 pro
1488 4525 1640 4600 indiviso

233 4667 369 4743 semper
396 4647 543 4741 habere;
569 4651 702 4744 absque
728 4651 836 4724 dubio
861 4673 1110 4746 recognoscens
1135 4651 1230 4745 quod
1257 4648 1497 4724 deficientibus
1522 4651 1643 4724 ceteris
