4434 5942
548 565 589 628 60
1051 561 1267 634 FlllllElllCl
1292 571 1468 635 succum
1773 573 1853 652 [Αιιιι.
1874 569 1960 638 laco:

548 702 698 776 saltibus
719 705 794 798 ejus
810 705 921 778 taliter
937 707 1057 779 luisset
1073 728 1272 795 occursum,
1293 715 1401 780 totum
1416 727 1563 801 regnum
1578 707 1635 780 vel
1651 709 1814 800 majorem
1829 721 1962 806 partam

548 825 659 920 ipsius
685 828 721 898 in
748 829 879 925 impetu
907 831 997 903 sicut
1021 831 1172 904 creditur
1201 839 1414 928 occupasset.
1439 832 1595 926 Cumque
1620 833 1840 928 postmodum
1867 835 1960 910 idem

548 951 741 1046 iniquitatis
763 953 856 1028 filius
882 977 920 1028 se
944 956 980 1027 in
1007 956 1157 1028 Siciliam
1184 959 1411 1030 transtulisset
1436 969 1471 1029 et
1499 957 1576 1031 sine
1603 957 1782 1031 obstaculo
1807 959 1962 1053 quolibet

548 1074 756 1150 discurreret
774 1079 1045 1174 circumquaque
1063 1101 1128 1154 neo
1144 1081 1206 1175 qui
1224 1081 1291 1152 sibi
1314 1081 1509 1154 resisterent
1527 1081 1717 1171 inveniret,
1736 1083 1961 1156 cancellarius

548 1210 583 1273 et
605 1202 663 1275 alii
688 1203 870 1276 familiares
895 1205 986 1300 regis
1008 1205 1070 1298 qui
1093 1225 1154 1299 per
1181 1227 1219 1278 se
1244 1215 1365 1302 sponte
1385 1206 1586 1298 juraverant
1605 1205 1701 1300 qnod
1723 1207 1854 1279 nullam
1879 1229 1960 1280 cum

547 1327 746 1401 Marcualdo
756 1351 876 1424 pacem
889 1329 1027 1420 inirent,
1045 1339 1199 1402 nostrum
1208 1351 1312 1425 super
1325 1329 1391 1403 boc
1405 1329 1575 1402 auxilinm
1588 1329 1816 1426 postularunt.
1832 1331 1961 1417 Quam·

546 1452 601 1524 vis
617 1461 732 1524 autem
751 1475 859 1547 grave
877 1453 978 1525 nobis
994 1451 1169 1525 videretur
1190 1474 1259 1524 non
1280 1453 1455 1526 modicum
1470 1453 1584 1548 qnod,
1603 1476 1683 1527 cum
1699 1475 1804 1550 super
1819 1455 1875 1527 bis
1891 1477 1961 1551 que

546 1576 643 1674 prius
659 1576 941 1674 expenderamus
963 1597 1024 1672 pro
1042 1598 1149 1670 regno
1166 1577 1202 1648 in
1219 1577 1313 1650 nullo
1328 1579 1429 1650 nobis
1442 1579 1562 1651 luisset
1578 1579 1715 1676 penitus
1731 1579 1958 1672 satisfactum,

545 1701 592 1774 ad
619 1703 766 1795 majores
789 1701 1023 1774 invitabamur
1046 1723 1237 1797 expensas,
1268 1713 1446 1776 notamen
1471 1703 1670 1776 videremur
1689 1725 1798 1796 regno
1820 1702 1957 1796 deesse,

547 1825 728 1898 conductis
752 1825 797 1898 de
814 1824 964 1921 pecnnia
987 1833 1103 1897 nostra
1126 1825 1311 1918 militibus,
1335 1826 1499 1900 dilectum
1524 1825 1632 1898 lilium
1654 1829 1685 1900 J.
1713 1829 1960 1901 marescalcum

548 1958 582 2024 et
599 1949 841 2022 consobrinum
857 1958 1025 2042 nostrum,
1043 1950 1157 2022 virum
1171 1949 1376 2046 prudentem
1388 1959 1624 2040 aletrannum,
1638 1951 1824 2048 pmvidum
1838 1961 1874 2024 et
1887 1951 1959 2026 dis·

547 2083 692 2164 cretum,
714 2075 750 2146 in
773 2073 923 2148 Siciliam
947 2073 1115 2147 duximus
1138 2073 1396 2148 destinandum.
1420 2076 1514 2148 Licet
1528 2084 1644 2149 antem
1661 2075 1697 2148 in
1715 2083 1845 2148 tantum
1859 2075 1959 2149 ellar-

547 2198 679 2272 buisset
701 2199 849 2272 andacia
873 2197 1065 2272 Marcualdi
1087 2207 1122 2271 et
1143 2199 1219 2292 ejus
1239 2209 1330 2273 esset
1351 2200 1526 2272 temeritas
1546 2199 1708 2273 effrenata
1734 2211 1774 2272 ιιι
1791 2209 1960 2296 occupata

547 2324 674 2398 Montis
691 2324 829 2420 Regalis
851 2324 1012 2416 ecclesia,
1030 2347 1111 2397 suas
1129 2335 1210 2397 ants
1225 2325 1431 2397 Panormnm
1449 2324 1612 2418 dirigeret
1629 2325 1722 2398 acies
1742 2333 1960 2420 pugnaturus

545 2461 581 2523 et
597 2451 697 2546 quasi
716 2450 766 2523 sio
789 2449 964 2522 civitatem
988 2449 1119 2543 regiam
1137 2448 1331 2537 obsideret,
1355 2449 1482 2522 lactum
1506 2459 1694 2522 esttamen
1717 2449 1956 2544 postmodnm,

545 2576 691 2649 faciente
715 2575 895 2648 nobiscnm
913 2574 1059 2646 Domino
1080 2573 1219 2669 signum
1243 2574 1279 2644 in
1300 2573 1445 2666 bonum,
1470 2573 1566 2668 quod
1586 2594 1648 2669 per
1670 2573 1764 2646 vires
1777 2583 1910 2647 nostras
1924 2584 1960 2648 et

544 2701 657 2795 regias
673 2697 975 2798 ipseblaroualdus
992 2719 1072 2771 eum
1087 2698 1173 2789 suis,
1189 2698 1324 2772 amissis
1334 2699 1496 2771 omnibus
1512 2699 1631 2794 spoliis
1644 2708 1679 2771 et
1694 2698 1811 2770 multis
1826 2698 1871 2772 de
1886 2699 1959 2772 suis

546 2827 583 2898 in
599 2827 691 2899 bello
708 2823 897 2922 prostratis,
916 2823 1062 2920 turpiter
1080 2831 1133 2896 est
1151 2823 1311 2918 fugatus,
1336 2833 1371 2896 et
1388 2833 1471 2896 tunc
1488 2823 1640 2919 perdidit
1657 2845 1736 2896 cum
1754 2823 1904 2898 credidit
1920 2845 1959 2896 se

544 2949 683 3023 vicisse.
704 2950 832 3022 Verum
853 2949 1062 3021 marescalco
1084 2948 1159 3044 ipso
1182 2947 1228 3021 ud
1247 2948 1453 3044 presentiam
1477 2958 1627 3022 nostram
1650 2957 1790 3044 propter
1813 2947 1959 3020 infirmi-

546 3083 651 3150 tatem
668 3073 816 3147 militum
833 3082 869 3146 et
886 3093 1115 3168 expensarum
1138 3070 1311 3146 delectum
1331 3071 1463 3145 victore
1481 3093 1639 3164 reverso,
1658 3071 1901 3165 cancellarius,
1919 3081 1959 3144 ιιι

547 3199 755 3296 accepimus,
772 3207 891 3271 contra
910 3197 1172 3294 prohibitionem
1190 3219 1390 3293 expressam
1407 3197 1439 3270 ei
1453 3197 1578 3270 luctam
1592 3197 1659 3269 sub
1674 3197 1814 3270 nomina
1826 3207 1955 3286 nostro,

546 3324 862 3400 contradicentibus
882 3323 1141 3397 venerabilibus
1165 3313 1328 3396 tratribus
1346 3323 1470 3396 nostris
1486 3322 1612 3394 blontis
1629 3321 1764 3416 Regalis
1787 3321 1958 3418 archiepi-

532 3441 649 3546 'scopo
664 3459 699 3522 et
714 3450 881 3545 episcopo
896 3446 1150 3542 Cephaludensi
1168 3447 1395 3520 familiaribus
1413 3447 1517 3542 regiis
1533 3455 1568 3519 et
1585 3445 1661 3519 aliis
1679 3445 1796 3518 multis
1813 3466 1958 3539 magna·

544 3575 638 3647 tibus
656 3574 717 3668 qui
735 3595 773 3646 sc
790 3583 825 3646 et
839 3572 1049 3644 munitiones
1066 3593 1148 3644 snas
1166 3573 1295 3668 optime
1311 3580 1530 3668 paraverant,
1551 3592 1631 3643 cum
1648 3569 1848 3644 blareualdo
1864 3591 1959 3643 com·

544 3696 748 3792 positionem
770 3695 886 3786 inivit,
904 3717 1010 3790 quam
1028 3695 1189 3769 timemus
1211 3695 1248 3770 in
1271 3695 1364 3790 regis
1382 3695 1568 3792 pamiciem
1588 3704 1623 3767 et
1639 3695 1737 3786 regni
1764 3693 1957 3790 periculum

544 3827 759 3914 attentatum,
778 3820 844 3893 nisi
863 3819 896 3894 ei
918 3819 1049 3893 lortiter
1063 3821 1235 3913 obvietur,
1255 3831 1384 3892 etcum
1406 3822 1534 3913 majora
1555 3819 1718 3892 dicuntur
1736 3816 1850 3891 eidem
1867 3817 1959 3890 blar-

544 3946 669 4020 cualdo
679 3949 751 4042 jam
764 3945 809 4020 de
820 3947 911 4020 bello
922 3947 1040 4042 lugeto
1050 3968 1113 4042 per
1125 3945 1216 4018 hanc
1227 3943 1509 4040 compositionem
1522 3964 1683 4017 concessa
1694 3961 1799 4036 quam
1813 3941 1958 4038 ipsemet

543 4079 675 4168 peteret
691 4081 771 4145 ante
789 4073 906 4168 lugam
923 4071 986 4170 (l).
1007 4073 1057 4146 Ne
1070 4073 1176 4166 igitur
1192 4071 1286 4145 idem
1303 4067 1460 4166 perfidus
1473 4067 1693 4143 lllarcnaldns
1709 4067 1771 4162 qui
1789 4065 1958 4162 pervices

579 4428 619 4503 (l)
638 4427 841 4486 «Caccabarius
852 4427 1003 4502 composuit
1015 4441 1079 4484 cum
1092 4423 1254 4498 llarouuldo,
1266 4423 1402 4498 inregiam
1414 4435 1477 4482 eum
1490 4422 1695 4482 familiaritatem
1706 4420 1860 4492 admittens
1875 4419 1957 4478 immo

541 4526 612 4583 inter
624 4527 765 4584 universos
778 4526 921 4584 lunlllares
932 4526 1061 4598 majorem
1073 4523 1253 4594 constituens,
1265 4521 1387 4580 dividens
1408 4521 1460 4580 sibl
1474 4537 1586 4596 regnum
1605 4536 1668 4578 cum
1680 4519 1726 4577 illo
1745 4523 1776 4576 ut
1789 4533 1859 4576 unus
1872 4516 1900 4574 in
1913 4515 1958 4572 Si·

542 4623 602 4681 cilia
613 4630 641 4682 et
649 4625 716 4683 ulter
728 4624 756 4681 in
768 4625 865 4699 Apulia
877 4623 949 4697 rogis
962 4630 990 4682 et
1002 4622 1078 4696 regni
1091 4621 1195 4695 negotia
1209 4627 1397 4696 procurarent,
1411 4621 1540 4678 mandans
1553 4619 1604 4678 sub
1618 4619 1691 4694 regio
1705 4617 1812 4674 nomine
1826 4613 1958 4672 universis

543 4727 574 4780 nt
587 4737 682 4798 pacem
695 4723 774 4782 istam
787 4723 938 4798 reciperent
951 4727 980 4780 et
992 4719 1140 4780 secundum
1152 4735 1213 4778 eam
1227 4721 1395 4778 intenderent
1407 4718 1570 4792 Marcueldo,
1585 4719 1666 4776 etiam
1678 4716 1701 4776 sl
1715 4729 1821 4774 summo
1837 4710 1956 4789 pontiflci
