4382 5946
225 559 325 622 luntcr.
344 558 384 636 l.]
675 553 872 616 HISTORIA
893 552 1189 616 ntrtottettcrt.
1579 551 1641 614 273

224 689 450 788 postulaverit
465 689 501 760 in
514 688 689 784 expensis.
702 689 825 764 Omnia
836 711 920 764 vero
936 689 1093 786 predicta
1107 699 1177 762 tam
1187 691 1382 782 juramento
1395 708 1500 782 quam
1512 688 1641 783 scripto

226 815 384 904 firmabo,
401 837 479 887 cum
496 815 629 910 imperii
651 816 747 888 luero
767 831 927 888 coronam
946 816 1106 910 adeptus.

274 939 450 1034 Principes
469 947 584 1012 autem
603 939 737 1034 imperii
754 947 789 1012 et
805 938 935 1012 nobiles
950 939 1080 1033 quibus
1094 939 1314 1036 presentibus
1325 937 1462 1031 juravi,
1481 939 1518 1010 hi
1534 945 1635 1012 sunt:

225 1063 440 1138 Evirhardus
457 1063 716 1156 Salzburgensis
731 1063 1026 1160 arehiepiscopum
1045 1063 1217 1137 Berardus
1235 1065 1395 1138 Berensis
1415 1064 1642 1158 archiepisco·

227 1211 312 1284 pus,
328 1187 534 1282 blangoldus
552 1187 763 1259 Pataviensis
781 1188 980 1282 episcopus,
999 1187 1231 1282 Engilhardus
1249 1187 1545 1282 Nuemburgensis
1567 1187 1643 1281 epi-

227 1335 371 1408 scopus,
389 1312 566 1385 Conradus
582 1312 745 1384 llletensis
762 1321 796 1384 et
813 1313 985 1408 Spirensis
1000 1314 1194 1408 episcopus,
1212 1312 1400 1408 imperialis
1414 1312 1492 1384 aule
1510 1312 1642 1383 cancel-

227 1436 354 1528 lariae,
370 1435 572 1532 Luppoldus
593 1435 669 1508 dux
680 1434 819 1508 Austrie
835 1445 869 1507 et
885 1435 1012 1532 Styrie,
1028 1435 1239 1510 Lndowicus
1257 1435 1333 1508 dux
1346 1435 1509 1524 Bovario,
1526 1455 1641 1507 comes

227 1559 389 1633 Albertns
414 1561 460 1634 de
486 1560 687 1651 Ewirstein,
707 1560 875 1632 Henrieus
894 1560 1147 1632 mareschalcus
1173 1559 1218 1634 de
1239 1560 1440 1652 Calbndnn,
1460 1557 1641 1633 Gualterus

227 1686 405 1780 pincerna.

279 1810 406 1883 Actum
422 1809 459 1882 in
475 1809 606 1905 capella
622 1810 659 1882 in
677 1809 898 1904 castrobgre
913 1829 1005 1882 anno
1018 1807 1192 1882 dominice
1207 1807 1451 1881 incarnationis
1462 1806 1638 1900 MCCdllll,

204 2007 206 2011 ,
229 1934 275 2008 lV
293 1933 373 2008 idus
383 1933 481 2028 julii,
497 1933 695 2007 indictionis
712 1935 833 2030 prime.

284 2538 522 2646 Eride-inus,
556 2539 815 2624 Romanorum
851 2566 942 2647 rex,
977 2549 1108 2624 notum
1144 2540 1234 2622 facit
1269 2543 1511 2626 concordiam
1548 2546 1646 2629 inter
1675 2561 1841 2672 rrgggu

230 2672 492 2758 Eberhardum
514 2673 830 2785 salzburgensem
847 2675 1173 2784 archiepiscopum
1191 2683 1228 2758 et
1244 2676 1511 2787 Manegoldum
1530 2679 1648 2762 Pata-

230 2807 398 2891 viensem
425 2809 645 2919 episcopum
673 2809 828 2916 initam3
856 2835 902 2892 ea
932 2809 1073 2892 scilieet
1103 2810 1319 2893 conditione
1351 2819 1393 2893 ut
1424 2811 1501 2894 duo
1532 2811 1646 2921 primi

230 2941 413 3024 haeredes
432 2943 597 3026 Gerhohi
615 2943 873 3026 ministerialis
893 2943 1180 3055 Salzburgensis
1198 2953 1236 3026 et
1253 2944 1386 3027 Berlae
1399 2945 1447 3028 de
1460 2945 1653 3028 Lonsdorl

231 3074 464 3158 Pataviensis
496 3077 752 3159 ministerialis
775 3079 825 3159 ad
847 3077 1043 3160 ecclesiam
1072 3077 1387 3188 salzburgensem
1413 3079 1646 3187 pertineant,

232 3207 369 3317 reliqui
388 3234 477 3292 vero
495 3209 594 3291 inter
610 3210 708 3293 duas
726 3209 902 3292 eeclesias
919 3209 1037 3293 dividi
1055 3210 1230 3293 debeant.

316 3424 487 3504 (Memorat.
508 3443 557 3504 ap.
572 3428 738 3504 Bonum,
752 3429 861 3510 Rogat.
883 3427 999 3509 imper„
1019 3445 1050 3506 p.
1072 3437 1128 3504 rt,
1144 3439 1177 3490 ιιο
1194 3437 1243 3502 ot,
1259 3445 1298 3489 ex
1316 3429 1401 3505 copta
1423 3429 1480 3504 lpst
1499 3444 1517 3488 a
1540 3429 1646 3491 Morttz

352 3535 591 3609 communicata.)

281 3689 407 3761 Datum
423 3690 518 3786 apud
536 3691 678 3785 ligram,
700 3713 792 3765 anno
813 3692 985 3765 dominice
1005 3691 1248 3766 incarnationis
1268 3692 1447 3782 MCCXlll,
1471 3694 1562 3766 XVll
1581 3694 1648 3766 lra-

233 3811 355 3887 lendes
370 3815 527 3909 augusti,
542 3815 732 3890 indictione
744 3818 772 3890 l.

1119 4117 1416 4128 -n————-

288 4400 522 4511 Friderious‚
538 4403 798 4491 Romanorum
815 4434 901 4515 rex,
918 4407 1112 4492 Gerherdo
1134 4407 1262 4490 comiti
1279 4408 1328 4491 de
1344 4407 1448 4492 Dietz
1462 4409 1528 4520 jus
1545 4437 1647 4494 con-
1674 4433 1743 4532 ug
1750 4488 1815 4543 un.
1855 4461 1865 4490 .

234 4532 336 4614 cedit
353 4534 401 4617 de
425 4563 656 4649 unaquaque
674 4551 822 4624 carrata
852 4542 930 4626 vini
956 4543 1054 4624 duos
1081 4541 1256 4625 denarios
1278 4551 1317 4624 et
1342 4543 1390 4625 de
1416 4571 1651 4655 unoquoque

234 4665 349 4749 tritici
367 4671 497 4754 modio
514 4672 714 4757 denarium
732 4701 854 4758 unum
872 4673 983 4758 titulo
997 4675 1148 4787 pedagii
1166 4675 1269 4784 apud
1286 4674 1390 4758 Dietz
1403 4677 1648 4787 percipiendi.

337 4801 364 4864 1.
1452 4819 1488 4874 es
