4334 5980
227 564 328 624 lucrer.
348 555 389 640 1.]
680 549 877 612 HISTORIA
904 547 1197 614 ululotrartctt.
1581 551 1642 614 245

228 715 312 769 vero
331 713 459 788 aquam
480 689 516 762 in
534 689 628 763 fonte
647 687 743 762 llalle
765 709 871 782 qaam
895 709 1011 762 comes
1033 687 1236 763 Gebhardos
1261 687 1353 762 lilios
1374 689 1561 783 Peringarii
1584 711 1643 763 co-

229 818 324 892 mitis
342 817 389 892 de
402 813 571 910 Snlzpscb
589 812 657 886 snb
673 813 845 908 presentia
863 821 898 884 et
913 813 1116 886 auctoritate
1133 815 1311 888 memorati
1330 814 1388 886 avi
1406 814 1513 886 nostri
1529 813 1644 887 eidem

230 941 377 1018 cenobio
401 961 466 1014 sex
488 935 591 1010 annis
613 943 693 1011 ente
713 935 849 1008 obitum
865 957 969 1008 snum
991 936 1194 1031 potestativa
1216 960 1323 1011 manu
1347 937 1507 1028 tradidit,
1536 937 1643 1030 regali

230 1065 433 1141 anctoritate
455 1062 521 1156 ipsi
549 1060 694 1136 ecclesie
719 1068 753 1132 st
775 1059 936 1132 frutribus
960 1058 1214 1134 confirmamus.
1235 1062 1339 1135 Solita
1362 1081 1502 1156 quoqne
1518 1062 1644 1156 regalis

230 1190 411 1266 clementie
428 1197 545 1261 nostre
559 1185 762 1260 auctoritate
777 1184 895 1258 omnia
911 1184 1068 1278 ejusdem
1086 1185 1228 1258 ecclesie
1245 1186 1401 1278 novalia,
1418 1207 1441 1258 a
1458 1197 1555 1282 porta
1573 1209 1643 1281 qna

230 1317 318 1388 silva
330 1335 453 1387 versas
465 1312 563 1384 Halle
576 1309 750 1384 clauditur
765 1331 876 1403 osque
890 1310 927 1381 in
948 1310 1060 1382 rivum
1076 1311 1136 1404 qui
1152 1310 1279 1383 dicitnr
1291 1311 1486 1405 Rintmagie
1502 1322 1537 1384 et
1554 1312 1643 1384 oltra

231 1439 392 1534 usquein
406 1438 521 1510 rivum
533 1435 711 1532 Wizpaob,
725 1455 805 1507 cum
822 1434 983 1508 omnibus
996 1435 1205 1508 colonissnis
1219 1436 1264 1507 ab
1280 1436 1374 1509 omni
1385 1435 1464 1528 jure
1479 1437 1642 1508 comitum

231 1573 266 1638 et
276 1563 437 1656 indicum
453 1560 641 1634 eximimus
657 1567 692 1632 et
713 1559 840 1632 liberos
854 1579 931 1632 esse
952 1559 1191 1648 concedimus,
1212 1569 1247 1632 et
1264 1569 1338 1632 uta
1354 1561 1484 1656 prelata
1500 1561 1644 1632 ecclesie

232 1687 405 1783 preposito
429 1693 500 1757 tam
527 1683 563 1754 in
588 1683 805 1756 secularibus
824 1704 930 1777 quam
957 1683 993 1755 in
1018 1683 1253 1778 spiritualibus
1277 1694 1441 1778 regantur
1461 1684 1637 1778 jubemus.

233 1810 377 1904 lnsnper
396 1827 442 1880 ne
460 1805 586 1901 aliquis
608 1805 738 1880 dacum
761 1807 817 1879 vel
841 1806 1004 1879 comitum
1027 1807 1085 1879 vel
1106 1807 1339 1902 quorumlibet
1356 1807 1514 1900 judicum
1538 1831 1643 1905 snper

234 1933 364 2029 prelata
389 1954 480 2026 aqna
500 1929 597 2004 Helle
617 1951 743 2024 qnam,
765 1937 803 2000 ut
821 1929 952 2002 dictum
967 1939 1036 2022 est,
1056 1951 1171 2004 comes
1186 1930 1391 2006 Gebbardus
1415 1929 1482 2028 ipsi
1499 1935 1642 2006 ecclesie
1735 1995 1738 2002 .

235 2056 376 2130 tradidit
389 2056 446 2128 vel
460 2077 565 2150 qnam
579 2053 746 2150 imperiali
763 2051 944 2148 largitione
959 2053 1146 2148 possident,
1160 2057 1215 2130 vel
1229 2078 1335 2151 super
1348 2057 1590 2152 omnibusque
1603 2059 1640 2132 in

234 2189 384 2254 nostram
413 2180 606 2276 specialiter
636 2177 871 2251 defensionem
902 2179 1051 2272 presenti
1078 2179 1205 2275 scripto
1237 2181 1471 2277 suscepimus,
1503 2192 1641 2278 propter
1789 2167 1791 2172 ¹

234 2305 414 2397 cujusdam
432 2303 681 2398 querimoniam
699 2302 735 2374 in
745 2302 887 2395 judiciis
901 2323 960 2376 eos
975 2304 1166 2398 inquietare
1180 2314 1368 2400 presumat,
1384 2305 1636 2396 interdicimus;

233 2430 397 2524 quoniam
417 2429 551 2521 justam
571 2437 625 2500 est
648 2436 687 2498 ut
704 2449 774 2520 qne
790 2427 975 2522 imperialis
995 2429 1182 2520 majestatis
1201 2430 1401 2506 auctoritate
1421 2431 1496 2504 sive
1516 2433 1641 2526 regalis

233 2553 433 2629 confirmata
454 2561 536 2626 sant
555 2552 612 2625 vel
632 2550 866 2626 munificentia
886 2551 1027 2636 tradita,
1049 2553 1217 2648 imperiali
1242 2555 1485 2630 nichilominus
1504 2557 1641 2649 judicio

232 2680 309 2754 eive
326 2679 433 2773 regali
447 2679 476 2750 si
493 2676 580 2772 qnid
593 2675 808 2770 querimonis
821 2685 939 2748 natum
963 2677 1062 2750 luerit
1079 2677 1324 2750 rationabiliter
1346 2680 1556 2754 terminetur.
1574 2683 1640 2754 De·

233 2805 406 2878 cemimus
422 2825 505 2898 ergo
522 2811 562 2874 nt
577 2801 696 2874 nullus
715 2801 911 2874 mortalium
928 2803 985 2875 vel
1001 2803 1239 2898 cujuscunque
1259 2804 1479 2899 professionis
1496 2816 1557 2878 aut
1579 2827 1640 2901 po

232 2930 365 3003 testatis
388 2928 492 3001 homo
519 2947 625 3022 snper
645 2925 800 3020 quolibet
821 2926 944 3000 borum
963 2927 1132 3023 prelatum
1158 2927 1341 3000 cenobium
1360 2937 1421 3000 aut
1444 2929 1563 3003 iratres
1587 2931 1640 3002 in·

232 3052 388 3148 quietare
410 3061 471 3126 aot
488 3049 641 3146 qnalibet
660 3049 875 3124 intestatione
895 3073 1025 3124 vexare
1046 3065 1233 3147 presumat.
1259 3051 1394 3148 Siquis
1417 3061 1532 3126 antem
1552 3075 1640 3128 ausu

233 3178 411 3252 temerario
426 3176 516 3250 banc
531 3185 646 3250 nostm
664 3177 916 3250 constitutionis
933 3177 1096 3273 paginam
1110 3177 1297 3273 infringere
1311 3180 1573 3275 attemptaverit,
1587 3202 1640 3254 se-

233 3301 412 3375 veritatem
431 3301 543 3376 divini
562 3299 686 3396 judicii
702 3309 738 3372 et
757 3300 882 3395 regalis
899 3309 1013 3375 nostre
1032 3300 1280 3394 indignationis
1302 3300 1493 3375 vindictam
1517 3325 1556 3376 se
1578 3325 1641 3378 no-

233 3426 323 3498 verit
343 3425 546 3518 incurrisse,
567 3435 601 3498 et
616 3423 651 3496 in
668 3423 835 3497 ultionem
853 3445 916 3496 sno
933 3425 1133 3498 temeritatis
1149 3427 1258 3498 XXX·
1276 3426 1381 3500 libras
1396 3428 1472 3500 anri
1487 3429 1565 3526 puri
1583 3451 1642 3525 pro

231 3570 322 3647 pena
337 3561 532 3648 componat,
551 3571 700 3646 quaram
716 3549 883 3624 medietas
900 3572 1033 3625 camere
1048 3561 1176 3644 nostre,
1193 3553 1324 3648 reliqua
1339 3554 1546 3628 monasterio
1563 3577 1642 3651 per·

231 3676 398 3750 solvatur.
421 3675 476 3748 Ad
497 3677 597 3769 cujas
614 3675 664 3749 rei
684 3684 810 3748 certam
828 3675 1081 3772 imperpetuum
1098 3677 1327 3766 evidentiam,
1347 3699 1489 3776 presens
1504 3678 1645 3774 privile-

230 3801 328 3894 gium
350 3799 519 3873 conscribi
540 3799 708 3894 jussimus
726 3809 760 3872 et
773 3799 886 3895 sigillo
904 3810 1019 3875 nostro
1034 3803 1252 3876 communiri.

278 3925 390 4018 Hujus
410 3925 459 3998 rei
478 3934 581 3998 testes
599 3932 682 3998 sont
696 3922 846 3996 Silridns
862 3923 1085 4019 llagnntinns
1103 3925 1402 4023 archiepiscopus,
1422 3929 1501 4004 Otto
1516 3929 1642 4000 Frisio-

229 4051 347 4145 gensis
364 4049 566 4146 episcopas,
588 4046 793 4121 Cnonradns
817 4049 1074 4144 llatisponensis
1094 4050 1296 4146 episcopus,
1316 4051 1512 4125 Hertwicns
1533 4052 1643 4124 Eiste·

230 4175 337 4247 tensis
361 4175 565 4271 episcopos,
594 4172 802 4268 Mangoldus
822 4173 1036 4246 Patavionsis
1057 4174 1259 4270 episeopus,
1280 4174 1474 4248 Fridericus
1495 4175 1643 4248 Triden-

232 4298 325 4371 tions
338 4300 543 4394 episcopos,
554 4297 727 4372 Odulrrins
745 4319 809 4371 rex
822 4297 976 4390 Boemie,
990 4299 1205 4370 Hermannus
1218 4298 1444 4392 lantigravins
1461 4299 1638 4394 Duringie,

230 4421 457 4498 leodowicus
479 4422 556 4495 dax
577 4421 754 4512 Bawarie,
782 4420 977 4518 Leopoldns
999 4422 1075 4496 dax
1098 4420 1236 4494 Austris
1257 4431 1292 4494 et
1318 4423 1438 4515 Stirie,
1461 4422 1640 4496 Heinricas

231 4547 385 4620 mercbio
405 4545 576 4639 llloravie,
600 4567 715 4618 comes
741 4544 965 4620 bloinbardns
986 4545 1032 4618 de
1054 4545 1269 4643 Abensperc,
1297 4567 1413 4620 comes
1438 4547 1641 4622 Cuooradus

232 4667 279 4742 de
294 4653 431 4762 Pleien',
452 4691 566 4744 comes
585 4668 787 4744 Cuonradns
803 4669 850 4743 de
869 4669 1071 4763 blosburch,
1093 4691 1208 4745 comes
1225 4669 1420 4745 Cbolbohus
1437 4671 1483 4746 de
1501 4665 1642 4746 Chircb·
