4334 5980
544 554 604 615 232
1043 551 1258 615 releuaret
1284 553 1456 616 secubet
1770 558 1851 636 [An.
1871 559 1951 621 1212

548 685 688 780 angusti
706 693 740 794 et
755 684 947 780 Phylippns
962 693 1106 778 patrum
1120 695 1253 774 noster,
1275 689 1507 764 llomunornm
1528 712 1593 764 rex
1614 711 1750 787 semper
1767 705 1952 788 angustus,

549 810 718 906 hospitale
745 809 902 904 Ellingen
930 829 993 904 per
1019 807 1113 904 ipsos
1141 819 1375 886 constructum
1409 815 1553 888 ecclesie
1581 815 1887 910 Perbtbersgndem
1904 816 1955 915 (l)

551 934 768 1025 donaverint,
787 955 850 1006 nos
870 933 964 1030 piem
986 933 1216 1029 predictorum
1236 947 1417 1032 parentum
1436 948 1629 1012 nostrornm
1649 940 1876 1014 donacionem
1892 963 1953 1014 ec-

551 1059 655 1134 clesie
675 1059 805 1154 prelato
822 1057 1088 1150 recognovimus
1108 1069 1216 1132 retem
1237 1081 1315 1134 eam
1338 1061 1523 1155 babentes,
1547 1073 1582 1137 et
1603 1065 1752 1159 presenti
1772 1067 1899 1162 pagine
1920 1077 1953 1140 et

550 1183 663 1278 sigillo
680 1191 795 1256 nostro
812 1190 852 1254 nt
873 1181 1116 1276 irrefragabilis
1132 1193 1330 1278 permanent
1345 1185 1637 1262 confirmavimus.

597 1307 683 1380 Acta
698 1315 779 1380 sunt
792 1305 857 1380 hec
872 1326 964 1378 anno
980 1303 1154 1380 dominice
1167 1305 1413 1382 incarnationis
1425 1309 1587 1402 MCCXll,
1606 1309 1795 1386 indictione
1810 1313 1838 1400 l,
1859 1315 1951 1408 regni

550 1431 656 1506 nostri
671 1452 763 1506 anno
780 1433 807 1503 l.

597 1559 722 1630 Datum
740 1565 824 1652 aput
841 1557 1077 1650 Mogunciam,
1096 1559 1140 1632 lll
1158 1558 1240 1632 idus
1257 1558 1460 1634 decembris.
1484 1557 1769 1657 (llcnoprnoanc.)

445 2175 497 2264 ιε’,
603 2145 830 2248 Fridericus,
851 2145 1112 2230 Romanorum
1129 2173 1217 2255 rex,
1236 2147 1403 2232 berardo
1420 2147 1701 2261 archiepiscopo
1718 2151 1873 2236 Berensi
1889 2179 1953 2263 pro

552 2282 670 2394 gratis
687 2281 770 2391 ejus
786 2279 964 2384 servitiis,
985 2279 1157 2363 concedit
1177 2289 1215 2363 et
1231 2280 1431 2366 confirmat
1452 2291 1490 2366 et
1506 2283 1685 2368 ecclesiae
1699 2283 1800 2394 ejus,
1820 2285 1953 2368 bitric-

551 2429 656 2524 tum,
675 2416 924 2522 Medionem,
944 2413 1076 2498 canale
1093 2414 1134 2496 in
1151 2423 1253 2498 terre
1274 2413 1362 2498 Rari
1388 2417 1494 2526 qnod
1510 2427 1567 2500 est
1589 2417 1662 2501 sub
1684 2427 1814 2501 monte
1834 2418 1951 2501 loan-

549 2552 668 2658 netio,
683 2551 900 2654 Latonium,
917 2557 1058 2634 terram
1071 2549 1183 2660 juxta
1195 2575 1352 2634 murum
1368 2550 1528 2636 civitatis
1541 2551 1717 2636 Berensis
1730 2563 1768 2636 et
1779 2578 1952 2662 campum

550 2686 600 2768 ad
617 2685 809 2768 faciendas
827 2684 1042 2794 apothecas.

631 2900 746 2980 (Edldlt
759 2899 924 2977 (innuen,
940 2897 1020 2958 Serio
1032 2898 1095 2958 crit.
1108 2893 1152 2956 dc'
1165 2913 1236 2958 sacr.
1249 2905 1331 2977 part.
1346 2897 1464 2972 bared,
1478 2903 1552 2960 tom.
1569 2899 1599 2970 1,
1614 2915 1643 2976 p
1660 2907 1729 2976 288,
1745 2907 1953 2978 ctrcnsumpto

652 3007 884 3092 authentum.
904 3013 997 3084 tata,
1017 3015 1050 3064 n⁰
1066 3005 1134 3066 Vll.
1149 3035 1190 3050 -
1206 3003 1374 3084 Orlglnale,
1388 3011 1423 3066 ut
1443 3005 1552 3066 lbldcm
1573 3011 1706 3086 notetur,
1727 3015 1791 3068 erat
1810 3009 1952 3068 muntium

668 3117 753 3194 slgno
766 3115 862 3192 regis,
874 3111 986 3176 sdllcst
997 3117 1267 3190 monogrammate,
1282 3117 1313 3174 st
1325 3111 1422 3191 alglllo
1438 3111 1476 3173 ds
1494 3129 1562 3174 cora
1574 3113 1642 3175 alba
1654 3113 1799 3192 pendente
1811 3115 1844 3175 ln
1856 3114 1906 3176 blo
1919 3115 1954 3176 dc

668 3227 733 3282 seta
745 3217 861 3298 rubea.)

595 3409 797 3483 Fredericns
815 3405 935 3481 divina
954 3405 1134 3479 clementia
1150 3405 1380 3479 Romanorum
1397 3425 1479 3494 rex,
1500 3427 1636 3502 semper
1652 3415 1822 3502 augustus
1839 3415 1874 3480 et
1894 3429 1955 3482 rex

550 3535 676 3607 Sicilie.
690 3533 775 3604 Cum
794 3531 980 3626 gloriosum
997 3529 1122 3604 reddat
1139 3529 1329 3626 principem
1345 3531 1578 3604 remuneratio
1599 3531 1854 3624 subjectorum,
1877 3541 1955 3604 tunc

550 3657 659 3752 gloria
676 3655 862 3749 majestatis
881 3657 957 3748 ejus
980 3664 1127 3748 angetur
1147 3675 1227 3724 cum
1250 3653 1343 3726 Deus
1359 3675 1380 3726 a
1395 3675 1466 3748 qno
1483 3673 1525 3727 ea
1546 3675 1617 3749 que
1634 3653 1851 3750 possidemus
1868 3655 1954 3728 bona

551 3781 756 3876 recepimus,
778 3781 814 3850 in
832 3779 916 3876 ipsis
930 3779 1084 3852 fidelium
1099 3777 1383 3852 retributionibus
1402 3778 1698 3853 bonoratur.lnde
1715 3777 1877 3876 estquod
1895 3799 1955 3852 nos

551 3903 766 3980 attendentes
785 3901 1003 3976 devotionem
1023 3901 1251 3993 laudabilem,
1271 3901 1433 3977 continua
1452 3913 1641 3998 quoquest
1658 3913 1800 4000 accepta
1818 3903 1955 3978 servitia

550 4027 692 4103 Berardi
722 4025 931 4102 venerabilis
959 4027 1116 4099 Berensis
1140 4025 1406 4123 archicpiscopi,
1435 4025 1552 4102 dilecti
1579 4027 1756 4101 familiaris
1783 4036 1818 4100 ct
1846 4025 1955 4102 fidelis

551 4153 671 4241 nostri,
685 4151 747 4246 qui
765 4173 827 4224 nos
841 4151 876 4223 in
890 4149 1111 4248 temptatione
1124 4159 1240 4223 nostra
1254 4170 1324 4224 non
1341 4149 1502 4224 deserens
1516 4172 1580 4224 nos
1591 4149 1810 4224 landabiliter
1823 4159 1859 4224 et
1872 4150 1955 4226 lide·

548 4279 626 4351 liter
637 4286 689 4351 est
702 4285 882 4372 sequutus,
896 4274 1059 4372 dampna,
1076 4295 1247 4371 expensas
1260 4283 1296 4347 et
1310 4295 1426 4350 rerum
1442 4272 1627 4371 dispendia
1637 4275 1811 4348 sustinens
1825 4285 1861 4350 et
1876 4297 1955 4371 per-

549 4423 632 4476 sone
650 4401 753 4476 etiem
775 4400 927 4497 pericula
947 4421 1015 4473 non
1029 4399 1176 4492 evitans,
1197 4396 1369 4474 manendo
1383 4399 1562 4474 nobiscum
1579 4409 1614 4472 et
1631 4399 1668 4472 in
1686 4399 1873 4475 Theotonia
1891 4399 1955 4474 snb

583 4695 618 4769 (t)
637 4695 680 4752 Sic
693 4695 721 4753 in
732 4693 866 4770 originali;
881 4691 961 4752 bodie
974 4707 1039 4750 vero
1052 4691 1270 4767 Bsrclrtsrpodm.
