<?xml version="1.0" encoding="UTF-8"?>
<!DOCTYPE html PUBLIC "-//W3C//DTD XHTML 1.0 Transitional//EN"
    "http://www.w3.org/TR/xhtml1/DTD/xhtml1-transitional.dtd">
<html xmlns="http://www.w3.org/1999/xhtml" xml:lang="en" lang="en">
 <head>
  <title>
</title>
<meta http-equiv="Content-Type" content="text/html;charset=utf-8" />
  <meta name='ocr-system' content='tesseract 3.04.00' />
  <meta name='ocr-capabilities' content='ocr_page ocr_carea ocr_par ocr_line ocrx_word'/>
</head>
<body>
  <div class='ocr_page' id='page_1' title='image "./historiadiploma06fredgoog_0128.png"; bbox 0 0 4378 5954; ppageno 0'>
   <div class='ocr_carea' id='block_1_1' title="bbox 243 523 1657 606">
    <p class='ocr_par' dir='ltr' id='par_1_1' title="bbox 243 523 1657 606">
     <span class='ocr_line' id='line_1_1' title="bbox 243 523 1657 606; baseline 0 -18"><span class='ocrx_word' id='word_1_1' title='bbox 243 527 342 590; x_wconf 83' lang='lat' dir='ltr'><strong>lrnrcr.</strong></span> <span class='ocrx_word' id='word_1_2' title='bbox 360 529 406 606; x_wconf 88' lang='lat' dir='ltr'><strong>&#39;l.]</strong></span> <span class='ocrx_word' id='word_1_3' title='bbox 693 525 892 588; x_wconf 77' lang='lat' dir='ltr'>HISTORIA</span> <span class='ocrx_word' id='word_1_4' title='bbox 916 523 1210 588; x_wconf 72' lang='lat' dir='ltr'><strong>otetotttlrtch</strong></span> <span class='ocrx_word' id='word_1_5' title='bbox 1599 526 1657 588; x_wconf 83' lang='lat'><strong>109</strong></span> 
     </span>
    </p>
   </div>
   <div class='ocr_carea' id='block_1_2' title="bbox 238 657 1659 3124">
    <p class='ocr_par' dir='ltr' id='par_1_2' title="bbox 238 657 1659 3124">
     <span class='ocr_line' id='line_1_2' title="bbox 290 657 1656 754; baseline 0 -20"><span class='ocrx_word' id='word_1_6' title='bbox 290 662 521 750; x_wconf 77' lang='lat' dir='ltr'><strong>Innocentius,</strong></span> <span class='ocrx_word' id='word_1_7' title='bbox 534 669 618 752; x_wconf 82' lang='lat' dir='ltr'><strong>etc,</strong></span> <span class='ocrx_word' id='word_1_8' title='bbox 636 661 677 734; x_wconf 88' lang='lat' dir='ltr'><strong>G.</strong></span> <span class='ocrx_word' id='word_1_9' title='bbox 698 663 814 734; x_wconf 87' lang='lat' dir='ltr'><strong>Sancti</strong></span> <span class='ocrx_word' id='word_1_10' title='bbox 829 660 973 734; x_wconf 84' lang='lat' dir='ltr'><strong>Adriani</strong></span> <span class='ocrx_word' id='word_1_11' title='bbox 990 659 1137 734; x_wconf 90' lang='lat' dir='ltr'><strong>diacono</strong></span> <span class='ocrx_word' id='word_1_12' title='bbox 1152 659 1333 746; x_wconf 81' lang='lat' dir='ltr'><strong>cardinali,</strong></span> <span class='ocrx_word' id='word_1_13' title='bbox 1349 657 1544 754; x_wconf 79' lang='lat' dir='ltr'><strong>Apostolice</strong></span> <span class='ocrx_word' id='word_1_14' title='bbox 1555 660 1656 734; x_wconf 89' lang='lat' dir='ltr'><strong>Sedis</strong></span> 
     </span>
     <span class='ocr_line' id='line_1_3' title="bbox 241 783 1657 882; baseline 0 -24"><span class='ocrx_word' id='word_1_15' title='bbox 241 788 367 881; x_wconf 88' lang='lat' dir='ltr'><strong>legato,</strong></span> <span class='ocrx_word' id='word_1_16' title='bbox 383 795 451 860; x_wconf 88' lang='lat' dir='ltr'><strong>etc.</strong></span> <span class='ocrx_word' id='word_1_17' title='bbox 469 785 675 882; x_wconf 79' lang='lat' dir='ltr'><strong>Recepimus</strong></span> <span class='ocrx_word' id='word_1_18' title='bbox 688 785 827 858; x_wconf 92' lang='lat' dir='ltr'><strong>nuntios</strong></span> <span class='ocrx_word' id='word_1_19' title='bbox 844 807 934 881; x_wconf 91' lang='lat' dir='ltr'><strong>qnos</strong></span> <span class='ocrx_word' id='word_1_20' title='bbox 946 808 993 858; x_wconf 85' lang='lat' dir='ltr'><strong>ex</strong></span> <span class='ocrx_word' id='word_1_21' title='bbox 1009 793 1106 881; x_wconf 88' lang='lat' dir='ltr'><strong>parte</strong></span> <span class='ocrx_word' id='word_1_22' title='bbox 1124 783 1220 877; x_wconf 89' lang='lat' dir='ltr'><strong>regia</strong></span> <span class='ocrx_word' id='word_1_23' title='bbox 1234 783 1429 854; x_wconf 81' lang='lat' dir='ltr'><strong>wilielmus</strong></span> <span class='ocrx_word' id='word_1_24' title='bbox 1447 783 1657 879; x_wconf 77' lang='lat' dir='ltr'><strong>capparonis</strong></span> 
     </span>
     <span class='ocr_line' id='line_1_4' title="bbox 241 907 1657 1006; baseline -0.003 -22"><span class='ocrx_word' id='word_1_25' title='bbox 241 933 354 1006; x_wconf 81' lang='lat' dir='ltr'><strong>nuper</strong></span> <span class='ocrx_word' id='word_1_26' title='bbox 369 910 415 984; x_wconf 90' lang='lat' dir='ltr'><strong>ad</strong></span> <span class='ocrx_word' id='word_1_27' title='bbox 432 920 583 984; x_wconf 89' lang='lat' dir='ltr'><strong>nostram</strong></span> <span class='ocrx_word' id='word_1_28' title='bbox 597 909 805 1006; x_wconf 87' lang='lat' dir='ltr'><strong>presentiam</strong></span> <span class='ocrx_word' id='word_1_29' title='bbox 819 910 1024 1002; x_wconf 87' lang='lat' dir='ltr'><strong>destinavit,</strong></span> <span class='ocrx_word' id='word_1_30' title='bbox 1041 910 1202 983; x_wconf 80' lang='lat' dir='ltr'><strong>abbatem</strong></span> <span class='ocrx_word' id='word_1_31' title='bbox 1223 907 1386 980; x_wconf 87' lang='lat' dir='ltr'><strong>videlicet</strong></span> <span class='ocrx_word' id='word_1_32' title='bbox 1407 907 1452 981; x_wconf 91' lang='lat' dir='ltr'><strong>de</strong></span> <span class='ocrx_word' id='word_1_33' title='bbox 1469 909 1604 982; x_wconf 82' lang='lat' dir='ltr'><strong>helesia</strong></span> <span class='ocrx_word' id='word_1_34' title='bbox 1622 918 1657 982; x_wconf 91' lang='lat' dir='ltr'><strong>ct</strong></span> 
     </span>
     <span class='ocr_line' id='line_1_5' title="bbox 241 1021 1657 1132; baseline -0.001 -22"><span class='ocrx_word' id='word_1_35' title='bbox 241 1036 458 1110; x_wconf 83' lang='lat' dir='ltr'><strong>Alhertinum</strong></span> <span class='ocrx_word' id='word_1_36' title='bbox 477 1037 708 1132; x_wconf 89' lang='lat' dir='ltr'><strong>prepositum,</strong></span> <span class='ocrx_word' id='word_1_37' title='bbox 729 1037 861 1132; x_wconf 91' lang='lat' dir='ltr'><strong>quibus</strong></span> <span class='ocrx_word' id='word_1_38' title='bbox 880 1057 942 1132; x_wconf 92' lang='lat' dir='ltr'><strong>per</strong></span> <span class='ocrx_word' id='word_1_39' title='bbox 965 1035 1168 1110; x_wconf 88' lang='lat' dir='ltr'><strong>mandatum</strong></span> <span class='ocrx_word' id='word_1_40' title='bbox 1185 1035 1301 1126; x_wconf 89' lang='lat' dir='ltr'><strong>regale</strong></span> <span class='ocrx_word' id='word_1_41' title='bbox 1321 1033 1402 1107; x_wconf 85' lang='lat' dir='ltr'><strong>lecit</strong></span> <span class='ocrx_word' id='word_1_42' title='bbox 1421 1033 1567 1128; x_wconf 89' lang='lat' dir='ltr'><strong>adjungi</strong></span> <span class='ocrx_word' id='word_1_43' title='bbox 1588 1021 1657 1108; x_wconf 65' lang='lat' dir='ltr'><strong>&#39;ve-</strong></span> 
     </span>
     <span class='ocr_line' id='line_1_6' title="bbox 241 1158 1659 1254; baseline -0.001 -22"><span class='ocrx_word' id='word_1_44' title='bbox 241 1160 427 1232; x_wconf 88' lang='lat' dir='ltr'><strong>nerabilem</strong></span> <span class='ocrx_word' id='word_1_45' title='bbox 452 1161 590 1234; x_wconf 83' lang='lat' dir='ltr'><strong>tratrem</strong></span> <span class='ocrx_word' id='word_1_46' title='bbox 611 1170 766 1234; x_wconf 90' lang='lat' dir='ltr'><strong>nostrum</strong></span> <span class='ocrx_word' id='word_1_47' title='bbox 788 1160 989 1234; x_wconf 83' lang='lat' dir='ltr'><strong>Anselmnm</strong></span> <span class='ocrx_word' id='word_1_48' title='bbox 1012 1159 1275 1254; x_wconf 90' lang='lat' dir='ltr'><strong>Neapolitanum</strong></span> <span class='ocrx_word' id='word_1_49' title='bbox 1298 1158 1599 1254; x_wconf 91' lang='lat' dir='ltr'><strong>archiepiscopum</strong></span> <span class='ocrx_word' id='word_1_50' title='bbox 1623 1168 1659 1232; x_wconf 90' lang='lat' dir='ltr'><strong>et</strong></span> 
     </span>
     <span class='ocr_line' id='line_1_7' title="bbox 242 1281 1656 1378; baseline -0.001 -22"><span class='ocrx_word' id='word_1_51' title='bbox 242 1283 407 1356; x_wconf 89' lang='lat' dir='ltr'><strong>dilectum</strong></span> <span class='ocrx_word' id='word_1_52' title='bbox 424 1281 533 1356; x_wconf 85' lang='lat' dir='ltr'><strong>fllium</strong></span> <span class='ocrx_word' id='word_1_53' title='bbox 552 1286 717 1360; x_wconf 84' lang='lat' dir='ltr'><strong>Thomarn</strong></span> <span class='ocrx_word' id='word_1_54' title='bbox 734 1286 869 1378; x_wconf 89' lang='lat' dir='ltr'><strong>regium</strong></span> <span class='ocrx_word' id='word_1_55' title='bbox 886 1285 1110 1378; x_wconf 87' lang='lat' dir='ltr'><strong>justitiarium</strong></span> <span class='ocrx_word' id='word_1_56' title='bbox 1128 1283 1173 1357; x_wconf 92' lang='lat' dir='ltr'><strong>de</strong></span> <span class='ocrx_word' id='word_1_57' title='bbox 1191 1283 1322 1374; x_wconf 88' lang='lat' dir='ltr'><strong>Gaieta,</strong></span> <span class='ocrx_word' id='word_1_58' title='bbox 1339 1283 1567 1378; x_wconf 80' lang='lat' dir='ltr'><strong>diligentique</strong></span> <span class='ocrx_word' id='word_1_59' title='bbox 1584 1305 1656 1356; x_wconf 88' lang='lat' dir='ltr'><strong>me·</strong></span> 
     </span>
     <span class='ocr_line' id='line_1_8' title="bbox 241 1408 1657 1506; baseline -0.001 -23"><span class='ocrx_word' id='word_1_60' title='bbox 241 1408 407 1483; x_wconf 89' lang='lat' dir='ltr'><strong>ditatione</strong></span> <span class='ocrx_word' id='word_1_61' title='bbox 427 1409 653 1504; x_wconf 87' lang='lat' dir='ltr'><strong>pensavimus</strong></span> <span class='ocrx_word' id='word_1_62' title='bbox 673 1431 743 1505; x_wconf 91' lang='lat' dir='ltr'><strong>que</strong></span> <span class='ocrx_word' id='word_1_63' title='bbox 765 1433 828 1506; x_wconf 91' lang='lat' dir='ltr'><strong>per</strong></span> <span class='ocrx_word' id='word_1_64' title='bbox 847 1431 907 1482; x_wconf 90' lang='lat' dir='ltr'><strong>eos</strong></span> <span class='ocrx_word' id='word_1_65' title='bbox 927 1409 1033 1504; x_wconf 89' lang='lat' dir='ltr'><strong>petita</strong></span> <span class='ocrx_word' id='word_1_66' title='bbox 1057 1419 1192 1482; x_wconf 90' lang='lat' dir='ltr'><strong>suntet</strong></span> <span class='ocrx_word' id='word_1_67' title='bbox 1214 1409 1328 1483; x_wconf 87' lang='lat' dir='ltr'><strong>oblata</strong></span> <span class='ocrx_word' id='word_1_68' title='bbox 1348 1409 1558 1504; x_wconf 83' lang='lat' dir='ltr'><strong>insuperque</strong></span> <span class='ocrx_word' id='word_1_69' title='bbox 1576 1430 1657 1503; x_wconf 92' lang='lat' dir='ltr'><strong>pro-</strong></span> 
     </span>
     <span class='ocr_line' id='line_1_9' title="bbox 241 1531 1653 1630; baseline 0.001 -27"><span class='ocrx_word' id='word_1_70' title='bbox 241 1532 364 1623; x_wconf 74' lang='lat' dir='ltr'><strong>missa,</strong></span> <span class='ocrx_word' id='word_1_71' title='bbox 385 1555 454 1627; x_wconf 91' lang='lat' dir='ltr'><strong>qne</strong></span> <span class='ocrx_word' id='word_1_72' title='bbox 470 1534 585 1606; x_wconf 89' lang='lat' dir='ltr'><strong>ornnia</strong></span> <span class='ocrx_word' id='word_1_73' title='bbox 602 1557 682 1609; x_wconf 88' lang='lat' dir='ltr'><strong>eum</strong></span> <span class='ocrx_word' id='word_1_74' title='bbox 701 1535 745 1608; x_wconf 93' lang='lat' dir='ltr'><strong>iis</strong></span> <span class='ocrx_word' id='word_1_75' title='bbox 761 1557 831 1630; x_wconf 89' lang='lat' dir='ltr'><strong>que</strong></span> <span class='ocrx_word' id='word_1_76' title='bbox 844 1533 1090 1630; x_wconf 90' lang='lat' dir='ltr'><strong>requisivimus</strong></span> <span class='ocrx_word' id='word_1_77' title='bbox 1107 1531 1273 1608; x_wconf 82' lang='lat' dir='ltr'><strong>schedula</strong></span> <span class='ocrx_word' id='word_1_78' title='bbox 1286 1533 1438 1606; x_wconf 92' lang='lat' dir='ltr'><strong>continet</strong></span> <span class='ocrx_word' id='word_1_79' title='bbox 1454 1533 1653 1606; x_wconf 84' lang='lat' dir='ltr'><strong>interclusa.</strong></span> 
     </span>
     <span class='ocr_line' id='line_1_10' title="bbox 240 1655 1656 1750; baseline 0 -22"><span class='ocrx_word' id='word_1_80' title='bbox 240 1655 401 1730; x_wconf 74' lang='lat' dir='ltr'><strong>volentes</strong></span> <span class='ocrx_word' id='word_1_81' title='bbox 418 1667 532 1731; x_wconf 89' lang='lat' dir='ltr'><strong>autern</strong></span> <span class='ocrx_word' id='word_1_82' title='bbox 550 1659 612 1732; x_wconf 92' lang='lat' dir='ltr'><strong>tibi</strong></span> <span class='ocrx_word' id='word_1_83' title='bbox 634 1659 766 1732; x_wconf 81' lang='lat' dir='ltr'><strong>deterre</strong></span> <span class='ocrx_word' id='word_1_84' title='bbox 784 1659 840 1731; x_wconf 92' lang='lat' dir='ltr'><strong>cui</strong></span> <span class='ocrx_word' id='word_1_85' title='bbox 863 1659 1099 1731; x_wconf 89' lang='lat' dir='ltr'><strong>commisimus</strong></span> <span class='ocrx_word' id='word_1_86' title='bbox 1121 1657 1216 1730; x_wconf 90' lang='lat' dir='ltr'><strong>vices</strong></span> <span class='ocrx_word' id='word_1_87' title='bbox 1239 1668 1394 1750; x_wconf 88' lang='lat' dir='ltr'><strong>nostras,</strong></span> <span class='ocrx_word' id='word_1_88' title='bbox 1413 1659 1587 1730; x_wconf 92' lang='lat' dir='ltr'><strong>noluimus</strong></span> <span class='ocrx_word' id='word_1_89' title='bbox 1605 1657 1656 1729; x_wconf 90' lang='lat' dir='ltr'><strong>eis</strong></span> 
     </span>
     <span class='ocr_line' id='line_1_11' title="bbox 241 1780 1654 1879; baseline 0 -25"><span class='ocrx_word' id='word_1_90' title='bbox 241 1781 343 1854; x_wconf 83' lang='lat' dir='ltr'><strong>finale</strong></span> <span class='ocrx_word' id='word_1_91' title='bbox 366 1780 450 1855; x_wconf 89' lang='lat' dir='ltr'><strong>dare</strong></span> <span class='ocrx_word' id='word_1_92' title='bbox 469 1805 692 1879; x_wconf 88' lang='lat' dir='ltr'><strong>responsum,</strong></span> <span class='ocrx_word' id='word_1_93' title='bbox 711 1783 774 1857; x_wconf 88' lang='lat' dir='ltr'><strong>sed</strong></span> <span class='ocrx_word' id='word_1_94' title='bbox 796 1784 842 1857; x_wconf 87' lang='lat' dir='ltr'><strong>ad</strong></span> <span class='ocrx_word' id='word_1_95' title='bbox 860 1793 894 1856; x_wconf 90' lang='lat' dir='ltr'><strong>te</strong></span> <span class='ocrx_word' id='word_1_96' title='bbox 919 1793 1043 1855; x_wconf 89' lang='lat' dir='ltr'><strong>cuncta</strong></span> <span class='ocrx_word' id='word_1_97' title='bbox 1059 1781 1278 1855; x_wconf 86' lang='lat' dir='ltr'><strong>decrevimus</strong></span> <span class='ocrx_word' id='word_1_98' title='bbox 1302 1781 1503 1871; x_wconf 84' lang='lat' dir='ltr'><strong>relerenda;</strong></span> <span class='ocrx_word' id='word_1_99' title='bbox 1522 1782 1654 1855; x_wconf 89' lang='lat' dir='ltr'><strong>discre-</strong></span> 
     </span>
     <span class='ocr_line' id='line_1_12' title="bbox 240 1903 1655 2004; baseline 0.001 -28"><span class='ocrx_word' id='word_1_100' title='bbox 240 1905 324 1977; x_wconf 92' lang='lat' dir='ltr'><strong>tioni</strong></span> <span class='ocrx_word' id='word_1_101' title='bbox 343 1913 400 1980; x_wconf 90' lang='lat' dir='ltr'><strong>tue</strong></span> <span class='ocrx_word' id='word_1_102' title='bbox 417 1929 479 2004; x_wconf 91' lang='lat' dir='ltr'><strong>per</strong></span> <span class='ocrx_word' id='word_1_103' title='bbox 497 1910 683 2003; x_wconf 86' lang='lat' dir='ltr'><strong>apostolica</strong></span> <span class='ocrx_word' id='word_1_104' title='bbox 699 1909 825 2004; x_wconf 84' lang='lat' dir='ltr'><strong>scripta</strong></span> <span class='ocrx_word' id='word_1_105' title='bbox 842 1907 1047 1981; x_wconf 87' lang='lat' dir='ltr'><strong>mandantes</strong></span> <span class='ocrx_word' id='word_1_106' title='bbox 1062 1917 1234 2002; x_wconf 86' lang='lat' dir='ltr'><strong>qnatenus</strong></span> <span class='ocrx_word' id='word_1_107' title='bbox 1253 1917 1343 1980; x_wconf 89' lang='lat' dir='ltr'><strong>statu</strong></span> <span class='ocrx_word' id='word_1_108' title='bbox 1361 1907 1476 1979; x_wconf 90' lang='lat' dir='ltr'><strong>Sicilie</strong></span> <span class='ocrx_word' id='word_1_109' title='bbox 1491 1903 1655 2002; x_wconf 86' lang='lat' dir='ltr'><strong>prudenti</strong></span> 
     </span>
     <span class='ocr_line' id='line_1_13' title="bbox 240 2029 1654 2128; baseline 0.001 -28"><span class='ocrx_word' id='word_1_110' title='bbox 240 2029 463 2103; x_wconf 86' lang='lat' dir='ltr'><strong>meditatione</strong></span> <span class='ocrx_word' id='word_1_111' title='bbox 491 2043 645 2127; x_wconf 89' lang='lat' dir='ltr'><strong>pensato,</strong></span> <span class='ocrx_word' id='word_1_112' title='bbox 666 2041 844 2107; x_wconf 88' lang='lat' dir='ltr'><strong>tractatum</strong></span> <span class='ocrx_word' id='word_1_113' title='bbox 873 2033 967 2128; x_wconf 89' lang='lat' dir='ltr'><strong>pacis</strong></span> <span class='ocrx_word' id='word_1_114' title='bbox 994 2040 1055 2104; x_wconf 93' lang='lat' dir='ltr'><strong>aut</strong></span> <span class='ocrx_word' id='word_1_115' title='bbox 1083 2053 1302 2104; x_wconf 87' lang='lat' dir='ltr'><strong>consummes</strong></span> <span class='ocrx_word' id='word_1_116' title='bbox 1329 2041 1390 2104; x_wconf 88' lang='lat' dir='ltr'><strong>ant</strong></span> <span class='ocrx_word' id='word_1_117' title='bbox 1419 2051 1562 2126; x_wconf 90' lang='lat' dir='ltr'><strong>rumpas</strong></span> <span class='ocrx_word' id='word_1_118' title='bbox 1591 2051 1654 2101; x_wconf 90' lang='lat' dir='ltr'><strong>sau</strong></span> 
     </span>
     <span class='ocr_line' id='line_1_14' title="bbox 239 2153 1654 2254; baseline 0 -29"><span class='ocrx_word' id='word_1_119' title='bbox 239 2153 433 2250; x_wconf 90' lang='lat' dir='ltr'><strong>protrahas,</strong></span> <span class='ocrx_word' id='word_1_120' title='bbox 453 2155 543 2228; x_wconf 73' lang='lat' dir='ltr'><strong>dont</strong></span> <span class='ocrx_word' id='word_1_121' title='bbox 555 2156 687 2230; x_wconf 87' lang='lat' dir='ltr'><strong>videris</strong></span> <span class='ocrx_word' id='word_1_122' title='bbox 700 2156 867 2254; x_wconf 87' lang='lat' dir='ltr'><strong>expedire</strong></span> <span class='ocrx_word' id='word_1_123' title='bbox 883 2184 892 2230; x_wconf 78' lang='lat' dir='ltr'><strong>r</strong></span> <span class='ocrx_word' id='word_1_124' title='bbox 909 2155 1005 2250; x_wconf 92' lang='lat' dir='ltr'><strong>quod</strong></span> <span class='ocrx_word' id='word_1_125' title='bbox 1022 2165 1131 2229; x_wconf 91' lang='lat' dir='ltr'><strong>toturn</strong></span> <span class='ocrx_word' id='word_1_126' title='bbox 1149 2157 1278 2230; x_wconf 81' lang='lat' dir='ltr'><strong>idcirco</strong></span> <span class='ocrx_word' id='word_1_127' title='bbox 1295 2153 1570 2229; x_wconf 88' lang='lat' dir='ltr'><strong>tuadiscretioni</strong></span> <span class='ocrx_word' id='word_1_128' title='bbox 1587 2154 1654 2226; x_wconf 90' lang='lat' dir='ltr'><strong>suh</strong></span> 
     </span>
     <span class='ocr_line' id='line_1_15' title="bbox 240 2277 1655 2376; baseline 0.001 -28"><span class='ocrx_word' id='word_1_129' title='bbox 240 2277 329 2350; x_wconf 88' lang='lat' dir='ltr'><strong>trina</strong></span> <span class='ocrx_word' id='word_1_130' title='bbox 351 2278 582 2372; x_wconf 89' lang='lat' dir='ltr'><strong>disjunctione</strong></span> <span class='ocrx_word' id='word_1_131' title='bbox 609 2281 855 2354; x_wconf 88' lang='lat' dir='ltr'><strong>committimus</strong></span> <span class='ocrx_word' id='word_1_132' title='bbox 877 2279 1093 2366; x_wconf 88' lang='lat' dir='ltr'><strong>laciendum,</strong></span> <span class='ocrx_word' id='word_1_133' title='bbox 1108 2281 1243 2376; x_wconf 89' lang='lat' dir='ltr'><strong>quintu</strong></span> <span class='ocrx_word' id='word_1_134' title='bbox 1261 2280 1397 2376; x_wconf 88' lang='lat' dir='ltr'><strong>plenius</strong></span> <span class='ocrx_word' id='word_1_135' title='bbox 1417 2299 1601 2351; x_wconf 90' lang='lat' dir='ltr'><strong>causarum</strong></span> <span class='ocrx_word' id='word_1_136' title='bbox 1619 2287 1655 2351; x_wconf 89' lang='lat' dir='ltr'><strong>et</strong></span> 
     </span>
     <span class='ocr_line' id='line_1_16' title="bbox 239 2401 1650 2502; baseline 0.002 -31"><span class='ocrx_word' id='word_1_137' title='bbox 239 2409 432 2496; x_wconf 90' lang='lat' dir='ltr'><strong>temporum</strong></span> <span class='ocrx_word' id='word_1_138' title='bbox 453 2425 518 2476; x_wconf 88' lang='lat' dir='ltr'><strong>neo</strong></span> <span class='ocrx_word' id='word_1_139' title='bbox 543 2425 612 2477; x_wconf 90' lang='lat' dir='ltr'><strong>nou</strong></span> <span class='ocrx_word' id='word_1_140' title='bbox 637 2427 752 2476; x_wconf 90' lang='lat' dir='ltr'><strong>rernm</strong></span> <span class='ocrx_word' id='word_1_141' title='bbox 771 2427 813 2478; x_wconf 91' lang='lat' dir='ltr'><strong>uc</strong></span> <span class='ocrx_word' id='word_1_142' title='bbox 840 2426 1063 2502; x_wconf 90' lang='lat' dir='ltr'><strong>personarum</strong></span> <span class='ocrx_word' id='word_1_143' title='bbox 1083 2415 1182 2500; x_wconf 89' lang='lat' dir='ltr'><strong>potes</strong></span> <span class='ocrx_word' id='word_1_144' title='bbox 1207 2403 1487 2476; x_wconf 86' lang='lat' dir='ltr'><strong>circumstancias</strong></span> <span class='ocrx_word' id='word_1_145' title='bbox 1511 2401 1650 2476; x_wconf 89' lang='lat' dir='ltr'><strong>intueri.</strong></span> 
     </span>
     <span class='ocr_line' id='line_1_17' title="bbox 239 2525 1651 2623; baseline 0.001 -27"><span class='ocrx_word' id='word_1_146' title='bbox 239 2525 290 2596; x_wconf 84' lang='lat' dir='ltr'><strong>&#39;ln</strong></span> <span class='ocrx_word' id='word_1_147' title='bbox 309 2546 391 2619; x_wconf 88' lang='lat' dir='ltr'><strong>ergo</strong></span> <span class='ocrx_word' id='word_1_148' title='bbox 413 2525 458 2600; x_wconf 92' lang='lat' dir='ltr'><strong>de</strong></span> <span class='ocrx_word' id='word_1_149' title='bbox 477 2527 694 2623; x_wconf 91' lang='lat' dir='ltr'><strong>plenitudine</strong></span> <span class='ocrx_word' id='word_1_150' title='bbox 718 2529 828 2622; x_wconf 87' lang='lat' dir='ltr'><strong>gratie</strong></span> <span class='ocrx_word' id='word_1_151' title='bbox 855 2539 970 2602; x_wconf 76' lang='lat' dir='ltr'><strong>nostre</strong></span> <span class='ocrx_word' id='word_1_152' title='bbox 991 2549 1153 2620; x_wconf 88' lang='lat' dir='ltr'><strong>securus,</strong></span> <span class='ocrx_word' id='word_1_153' title='bbox 1174 2529 1284 2599; x_wconf 88' lang='lat' dir='ltr'><strong>Deum</strong></span> <span class='ocrx_word' id='word_1_154' title='bbox 1302 2527 1435 2600; x_wconf 91' lang='lat' dir='ltr'><strong>habens</strong></span> <span class='ocrx_word' id='word_1_155' title='bbox 1451 2549 1512 2622; x_wconf 90' lang='lat' dir='ltr'><strong>pre</strong></span> <span class='ocrx_word' id='word_1_156' title='bbox 1528 2527 1651 2619; x_wconf 92' lang='lat' dir='ltr'><strong>oculis,</strong></span> 
     </span>
     <span class='ocr_line' id='line_1_18' title="bbox 238 2649 1652 2748; baseline 0.001 -28"><span class='ocrx_word' id='word_1_157' title='bbox 238 2669 302 2722; x_wconf 88' lang='lat' dir='ltr'><strong>nos</strong></span> <span class='ocrx_word' id='word_1_158' title='bbox 317 2649 420 2722; x_wconf 87' lang='lat' dir='ltr'><strong>etiarn</strong></span> <span class='ocrx_word' id='word_1_159' title='bbox 442 2673 484 2724; x_wconf 91' lang='lat' dir='ltr'><strong>ac</strong></span> <span class='ocrx_word' id='word_1_160' title='bbox 505 2653 668 2748; x_wconf 89' lang='lat' dir='ltr'><strong>teipsum</strong></span> <span class='ocrx_word' id='word_1_161' title='bbox 689 2661 724 2725; x_wconf 91' lang='lat' dir='ltr'><strong>et</strong></span> <span class='ocrx_word' id='word_1_162' title='bbox 743 2662 814 2725; x_wconf 92' lang='lat' dir='ltr'><strong>tam</strong></span> <span class='ocrx_word' id='word_1_163' title='bbox 832 2651 1029 2748; x_wconf 82' lang='lat' dir='ltr'><strong>Apostolice</strong></span> <span class='ocrx_word' id='word_1_164' title='bbox 1046 2651 1148 2724; x_wconf 89' lang='lat' dir='ltr'><strong>Sedis</strong></span> <span class='ocrx_word' id='word_1_165' title='bbox 1170 2651 1336 2725; x_wconf 87' lang='lat' dir='ltr'><strong>honorem</strong></span> <span class='ocrx_word' id='word_1_166' title='bbox 1358 2673 1464 2746; x_wconf 89' lang='lat' dir='ltr'><strong>quam</strong></span> <span class='ocrx_word' id='word_1_167' title='bbox 1484 2650 1576 2744; x_wconf 89' lang='lat' dir='ltr'><strong>regis</strong></span> <span class='ocrx_word' id='word_1_168' title='bbox 1596 2671 1652 2721; x_wconf 92' lang='lat' dir='ltr'><strong>sa·</strong></span> 
     </span>
     <span class='ocr_line' id='line_1_19' title="bbox 238 2772 1653 2872; baseline 0.001 -28"><span class='ocrx_word' id='word_1_169' title='bbox 238 2772 347 2845; x_wconf 85' lang='lat' dir='ltr'><strong>lntem</strong></span> <span class='ocrx_word' id='word_1_170' title='bbox 371 2783 406 2847; x_wconf 92' lang='lat' dir='ltr'><strong>et</strong></span> <span class='ocrx_word' id='word_1_171' title='bbox 432 2776 530 2870; x_wconf 88' lang='lat' dir='ltr'><strong>regni</strong></span> <span class='ocrx_word' id='word_1_172' title='bbox 554 2777 707 2871; x_wconf 89' lang='lat' dir='ltr'><strong>quietem</strong></span> <span class='ocrx_word' id='word_1_173' title='bbox 726 2777 924 2868; x_wconf 89' lang='lat' dir='ltr'><strong>attendens,</strong></span> <span class='ocrx_word' id='word_1_174' title='bbox 945 2775 1100 2850; x_wconf 90' lang='lat' dir='ltr'><strong>studiosa</strong></span> <span class='ocrx_word' id='word_1_175' title='bbox 1115 2775 1283 2872; x_wconf 85' lang='lat' dir='ltr'><strong>procedas</strong></span> <span class='ocrx_word' id='word_1_176' title='bbox 1303 2774 1350 2849; x_wconf 92' lang='lat' dir='ltr'><strong>ad</strong></span> <span class='ocrx_word' id='word_1_177' title='bbox 1371 2775 1488 2848; x_wconf 90' lang='lat' dir='ltr'><strong>omnia</strong></span> <span class='ocrx_word' id='word_1_178' title='bbox 1510 2797 1588 2846; x_wconf 89' lang='lat' dir='ltr'><strong>curn</strong></span> <span class='ocrx_word' id='word_1_179' title='bbox 1606 2775 1653 2846; x_wconf 90' lang='lat' dir='ltr'><strong>il·</strong></span> 
     </span>
     <span class='ocr_line' id='line_1_20' title="bbox 238 2895 1653 2999; baseline 0.001 -28"><span class='ocrx_word' id='word_1_180' title='bbox 238 2895 351 2972; x_wconf 90' lang='lat' dir='ltr'><strong>lorum</strong></span> <span class='ocrx_word' id='word_1_181' title='bbox 368 2902 511 2975; x_wconf 91' lang='lat' dir='ltr'><strong>consilio</strong></span> <span class='ocrx_word' id='word_1_182' title='bbox 531 2925 619 2998; x_wconf 87' lang='lat' dir='ltr'><strong>qnos</strong></span> <span class='ocrx_word' id='word_1_183' title='bbox 639 2902 760 2977; x_wconf 82' lang='lat' dir='ltr'><strong>fideles</strong></span> <span class='ocrx_word' id='word_1_184' title='bbox 776 2911 943 2999; x_wconf 82' lang='lat' dir='ltr'><strong>expertus</strong></span> <span class='ocrx_word' id='word_1_185' title='bbox 957 2925 996 2977; x_wconf 89' lang='lat' dir='ltr'><strong>es</strong></span> <span class='ocrx_word' id='word_1_186' title='bbox 1013 2925 1054 2976; x_wconf 90' lang='lat' dir='ltr'><strong>ac</strong></span> <span class='ocrx_word' id='word_1_187' title='bbox 1071 2902 1231 2994; x_wconf 89' lang='lat' dir='ltr'><strong>devotos,</strong></span> <span class='ocrx_word' id='word_1_188' title='bbox 1253 2901 1397 2999; x_wconf 89' lang='lat' dir='ltr'><strong>primam</strong></span> <span class='ocrx_word' id='word_1_189' title='bbox 1415 2924 1437 2974; x_wconf 87' lang='lat' dir='ltr'><strong>a</strong></span> <span class='ocrx_word' id='word_1_190' title='bbox 1452 2902 1524 2974; x_wconf 89' lang='lat' dir='ltr'><strong>lleo</strong></span> <span class='ocrx_word' id='word_1_191' title='bbox 1539 2909 1574 2972; x_wconf 93' lang='lat' dir='ltr'><strong>et</strong></span> <span class='ocrx_word' id='word_1_192' title='bbox 1589 2921 1653 2973; x_wconf 88' lang='lat' dir='ltr'><strong>eo-</strong></span> 
     </span>
     <span class='ocr_line' id='line_1_21' title="bbox 238 3024 1652 3124; baseline 0.001 -28"><span class='ocrx_word' id='word_1_193' title='bbox 238 3024 389 3098; x_wconf 90' lang='lat' dir='ltr'><strong>cnndam</strong></span> <span class='ocrx_word' id='word_1_194' title='bbox 407 3048 428 3098; x_wconf 92' lang='lat' dir='ltr'><strong>a</strong></span> <span class='ocrx_word' id='word_1_195' title='bbox 448 3026 549 3100; x_wconf 91' lang='lat' dir='ltr'><strong>nobis</strong></span> <span class='ocrx_word' id='word_1_196' title='bbox 564 3038 766 3123; x_wconf 89' lang='lat' dir='ltr'><strong>recepturus</strong></span> <span class='ocrx_word' id='word_1_197' title='bbox 787 3050 851 3124; x_wconf 91' lang='lat' dir='ltr'><strong>pro</strong></span> <span class='ocrx_word' id='word_1_198' title='bbox 869 3039 930 3101; x_wconf 92' lang='lat' dir='ltr'><strong>tnc</strong></span> <span class='ocrx_word' id='word_1_199' title='bbox 951 3029 1067 3102; x_wconf 80' lang='lat' dir='ltr'><strong>labora</strong></span> <span class='ocrx_word' id='word_1_200' title='bbox 1084 3027 1366 3102; x_wconf 65' lang='lat' dir='ltr'><strong>ducensque</strong></span> <span class='ocrx_word' id='word_1_201' title='bbox 1384 3027 1449 3100; x_wconf 89' lang='lat' dir='ltr'><strong>hec</strong></span> <span class='ocrx_word' id='word_1_202' title='bbox 1467 3025 1652 3100; x_wconf 89' lang='lat' dir='ltr'><strong>scribimus</strong></span> 
     </span>
    </p>
   </div>
   <div class='ocr_carea' id='block_1_3' title="bbox 106 3143 1653 3498">
    <p class='ocr_par' dir='ltr' id='par_1_3' title="bbox 106 3143 1653 3498">
     <span class='ocr_line' id='line_1_22' title="bbox 106 3143 1652 3247; baseline 0.003 -29"><span class='ocrx_word' id='word_1_203' title='bbox 106 3143 110 3152; x_wconf 88' lang='grc'><strong>’</strong></span> <span class='ocrx_word' id='word_1_204' title='bbox 237 3146 410 3220; x_wconf 85' lang='lat' dir='ltr'><strong>universis</strong></span> <span class='ocrx_word' id='word_1_205' title='bbox 425 3150 556 3243; x_wconf 91' lang='lat' dir='ltr'><strong>quihus</strong></span> <span class='ocrx_word' id='word_1_206' title='bbox 571 3150 794 3224; x_wconf 90' lang='lat' dir='ltr'><strong>scribendum</strong></span> <span class='ocrx_word' id='word_1_207' title='bbox 814 3173 877 3247; x_wconf 87' lang='lat' dir='ltr'><strong>per</strong></span> <span class='ocrx_word' id='word_1_208' title='bbox 897 3162 975 3226; x_wconf 90' lang='lat' dir='ltr'><strong>tuas</strong></span> <span class='ocrx_word' id='word_1_209' title='bbox 996 3153 1127 3226; x_wconf 89' lang='lat' dir='ltr'><strong>litterae</strong></span> <span class='ocrx_word' id='word_1_210' title='bbox 1144 3152 1367 3246; x_wconf 80' lang='lat' dir='ltr'><strong>suggessisti,</strong></span> <span class='ocrx_word' id='word_1_211' title='bbox 1388 3173 1450 3247; x_wconf 90' lang='lat' dir='ltr'><strong>per</strong></span> <span class='ocrx_word' id='word_1_212' title='bbox 1466 3151 1652 3246; x_wconf 88' lang='lat' dir='ltr'><strong>apostolica</strong></span> 
     </span>
     <span class='ocr_line' id='line_1_23' title="bbox 237 3271 1653 3370; baseline 0.003 -28"><span class='ocrx_word' id='word_1_213' title='bbox 237 3271 299 3344; x_wconf 89' lang='lat' dir='ltr'><strong>tihi</strong></span> <span class='ocrx_word' id='word_1_214' title='bbox 315 3273 443 3370; x_wconf 87' lang='lat' dir='ltr'><strong>scripta</strong></span> <span class='ocrx_word' id='word_1_215' title='bbox 456 3273 660 3348; x_wconf 88' lang='lat' dir='ltr'><strong>mandantes</strong></span> <span class='ocrx_word' id='word_1_216' title='bbox 674 3285 714 3348; x_wconf 91' lang='lat' dir='ltr'><strong>ut</strong></span> <span class='ocrx_word' id='word_1_217' title='bbox 730 3276 907 3370; x_wconf 88' lang='lat' dir='ltr'><strong>negotium</strong></span> <span class='ocrx_word' id='word_1_218' title='bbox 926 3277 1157 3350; x_wconf 85' lang='lat' dir='ltr'><strong>Rornanorum</strong></span> <span class='ocrx_word' id='word_1_219' title='bbox 1173 3287 1208 3350; x_wconf 91' lang='lat' dir='ltr'><strong>et</strong></span> <span class='ocrx_word' id='word_1_220' title='bbox 1223 3275 1497 3350; x_wconf 86' lang='lat' dir='ltr'><strong>Messanensium</strong></span> <span class='ocrx_word' id='word_1_221' title='bbox 1511 3273 1653 3348; x_wconf 88' lang='lat' dir='ltr'><strong>studeas</strong></span> 
     </span>
     <span class='ocr_line' id='line_1_24' title="bbox 237 3397 1326 3498; baseline 0.006 -32"><span class='ocrx_word' id='word_1_222' title='bbox 237 3403 440 3492; x_wconf 89' lang='lat' dir='ltr'><strong>temperare,</strong></span> <span class='ocrx_word' id='word_1_223' title='bbox 457 3407 561 3494; x_wconf 94' lang='lat' dir='ltr'><strong>prout</strong></span> <span class='ocrx_word' id='word_1_224' title='bbox 576 3400 763 3474; x_wconf 71' lang='lat' dir='ltr'><strong>necomitas</strong></span> <span class='ocrx_word' id='word_1_225' title='bbox 780 3397 1008 3496; x_wconf 77' lang='lat' dir='ltr'><strong>postulaverit</strong></span> <span class='ocrx_word' id='word_1_226' title='bbox 1022 3411 1247 3496; x_wconf 89' lang='lat' dir='ltr'><strong>utrorumque</strong></span> <span class='ocrx_word' id='word_1_227' title='bbox 1264 3399 1326 3498; x_wconf 90' lang='lat' dir='ltr'><strong>(l).</strong></span> 
     </span>
    </p>
   </div>
   <div class='ocr_carea' id='block_1_4' title="bbox 233 3673 1655 4734">
    <p class='ocr_par' dir='ltr' id='par_1_4' title="bbox 233 3673 1655 4734">
     <span class='ocr_line' id='line_1_25' title="bbox 272 3673 1651 3762; baseline 0.009 -30"><span class='ocrx_word' id='word_1_228' title='bbox 272 3673 309 3750; x_wconf 82' lang='lat' dir='ltr'><strong>(t)</strong></span> <span class='ocrx_word' id='word_1_229' title='bbox 328 3676 368 3732; x_wconf 84' lang='lat' dir='ltr'><strong>lle</strong></span> <span class='ocrx_word' id='word_1_230' title='bbox 381 3675 432 3734; x_wconf 86' lang='lat' dir='ltr'><strong>ista</strong></span> <span class='ocrx_word' id='word_1_231' title='bbox 444 3676 574 3750; x_wconf 59' lang='lat' dir='ltr'><strong>tentione</strong></span> <span class='ocrx_word' id='word_1_232' title='bbox 589 3677 658 3736; x_wconf 86' lang='lat' dir='ltr'><strong>haec</strong></span> <span class='ocrx_word' id='word_1_233' title='bbox 677 3678 790 3753; x_wconf 73' lang='lat' dir='ltr'><strong>egimus</strong></span> <span class='ocrx_word' id='word_1_234' title='bbox 806 3679 835 3737; x_wconf 91' lang='lat' dir='ltr'><strong>in</strong></span> <span class='ocrx_word' id='word_1_235' title='bbox 854 3681 940 3739; x_wconf 63' lang='lat' dir='ltr'><strong>Geth</strong></span> <span class='ocrx_word' id='word_1_236' title='bbox 953 3681 1092 3740; x_wconf 78' lang='lat' dir='ltr'><strong>lmrcceut.</strong></span> <span class='ocrx_word' id='word_1_237' title='bbox 1105 3683 1166 3754; x_wconf 87' lang='lat'><strong>111,</strong></span> <span class='ocrx_word' id='word_1_238' title='bbox 1181 3697 1241 3758; x_wconf 91' lang='lat' dir='ltr'><strong>cap.</strong></span> <span class='ocrx_word' id='word_1_239' title='bbox 1261 3683 1397 3744; x_wconf 77' lang='lat' dir='ltr'><strong>xxxvl:</strong></span> <span class='ocrx_word' id='word_1_240' title='bbox 1411 3706 1423 3739; x_wconf 78' lang='grc' dir='ltr'>ι</span> <span class='ocrx_word' id='word_1_241' title='bbox 1438 3685 1567 3744; x_wconf 83' lang='lat' dir='ltr'><strong>Dominus</strong></span> <span class='ocrx_word' id='word_1_242' title='bbox 1580 3701 1651 3762; x_wconf 91' lang='lat' dir='ltr'><strong>papa</strong></span> 
     </span>
     <span class='ocr_line' id='line_1_26' title="bbox 235 3772 1655 3858; baseline 0.011 -31"><span class='ocrx_word' id='word_1_243' title='bbox 235 3772 309 3828; x_wconf 86' lang='lat' dir='ltr'><strong>misit</strong></span> <span class='ocrx_word' id='word_1_244' title='bbox 322 3772 472 3830; x_wconf 87' lang='lat' dir='ltr'><strong>Gerardurn</strong></span> <span class='ocrx_word' id='word_1_245' title='bbox 483 3775 575 3834; x_wconf 83' lang='lat' dir='ltr'><strong>Sancti</strong></span> <span class='ocrx_word' id='word_1_246' title='bbox 586 3775 697 3834; x_wconf 80' lang='lat' dir='ltr'><strong>Adriani</strong></span> <span class='ocrx_word' id='word_1_247' title='bbox 711 3777 853 3835; x_wconf 79' lang='lat' dir='ltr'><strong>rhamnum</strong></span> <span class='ocrx_word' id='word_1_248' title='bbox 864 3779 1040 3851; x_wconf 85' lang='lat' dir='ltr'><strong>cardinalem,</strong></span> <span class='ocrx_word' id='word_1_249' title='bbox 1051 3797 1101 3854; x_wconf 88' lang='lat' dir='ltr'><strong>por</strong></span> <span class='ocrx_word' id='word_1_250' title='bbox 1112 3797 1195 3854; x_wconf 87' lang='lat' dir='ltr'><strong>quem</strong></span> <span class='ocrx_word' id='word_1_251' title='bbox 1209 3782 1362 3840; x_wconf 88' lang='lat' dir='ltr'><strong>Willelnrus</strong></span> <span class='ocrx_word' id='word_1_252' title='bbox 1372 3785 1537 3858; x_wconf 78' lang='lat' dir='ltr'><strong>capparonis</strong></span> <span class='ocrx_word' id='word_1_253' title='bbox 1548 3800 1579 3842; x_wconf 88' lang='lat' dir='ltr'><strong>sc</strong></span> <span class='ocrx_word' id='word_1_254' title='bbox 1590 3784 1655 3842; x_wconf 90' lang='lat' dir='ltr'><strong>lecit</strong></span> 
     </span>
     <span class='ocr_line' id='line_1_27' title="bbox 234 3867 1652 3956; baseline 0.01 -30"><span class='ocrx_word' id='word_1_255' title='bbox 234 3867 353 3941; x_wconf 89' lang='lat' dir='ltr'><strong>absolvi,</strong></span> <span class='ocrx_word' id='word_1_256' title='bbox 364 3871 459 3943; x_wconf 85' lang='lat' dir='ltr'><strong>jurans</strong></span> <span class='ocrx_word' id='word_1_257' title='bbox 479 3871 507 3929; x_wconf 94' lang='lat' dir='ltr'><strong>in</strong></span> <span class='ocrx_word' id='word_1_258' title='bbox 525 3873 650 3930; x_wconf 89' lang='lat' dir='ltr'><strong>manibus</strong></span> <span class='ocrx_word' id='word_1_259' title='bbox 667 3877 725 3948; x_wconf 75' lang='lat' dir='ltr'><strong>alus</strong></span> <span class='ocrx_word' id='word_1_260' title='bbox 741 3873 850 3933; x_wconf 90' lang='lat' dir='ltr'><strong>domino</strong></span> <span class='ocrx_word' id='word_1_261' title='bbox 863 3892 949 3950; x_wconf 88' lang='lat' dir='ltr'><strong>papae</strong></span> <span class='ocrx_word' id='word_1_262' title='bbox 962 3876 1063 3936; x_wconf 89' lang='lat' dir='ltr'><strong>balium</strong></span> <span class='ocrx_word' id='word_1_263' title='bbox 1077 3887 1106 3936; x_wconf 88' lang='lat' dir='ltr'><strong>et</strong></span> <span class='ocrx_word' id='word_1_264' title='bbox 1120 3878 1193 3952; x_wconf 91' lang='lat' dir='ltr'><strong>qnod</strong></span> <span class='ocrx_word' id='word_1_265' title='bbox 1207 3879 1294 3936; x_wconf 87' lang='lat' dir='ltr'><strong>cidem</strong></span> <span class='ocrx_word' id='word_1_266' title='bbox 1307 3881 1437 3938; x_wconf 88' lang='lat' dir='ltr'><strong>cardinali</strong></span> <span class='ocrx_word' id='word_1_267' title='bbox 1453 3889 1578 3956; x_wconf 87' lang='lat' dir='ltr'><strong>tanquam</strong></span> <span class='ocrx_word' id='word_1_268' title='bbox 1591 3882 1652 3940; x_wconf 88' lang='lat' dir='ltr'><strong>vice</strong></span> 
     </span>
     <span class='ocr_line' id='line_1_28' title="bbox 234 3963 1651 4054; baseline 0.011 -32"><span class='ocrx_word' id='word_1_269' title='bbox 234 3963 297 4022; x_wconf 92' lang='lat' dir='ltr'><strong>balii</strong></span> <span class='ocrx_word' id='word_1_270' title='bbox 309 3965 337 4022; x_wconf 94' lang='lat' dir='ltr'><strong>in</strong></span> <span class='ocrx_word' id='word_1_271' title='bbox 349 3967 472 4026; x_wconf 89' lang='lat' dir='ltr'><strong>omnibns</strong></span> <span class='ocrx_word' id='word_1_272' title='bbox 484 3969 613 4027; x_wconf 89' lang='lat' dir='ltr'><strong>obediret.</strong></span> <span class='ocrx_word' id='word_1_273' title='bbox 625 3972 685 4045; x_wconf 89' lang='lat' dir='ltr'><strong>lpse</strong></span> <span class='ocrx_word' id='word_1_274' title='bbox 698 3987 763 4029; x_wconf 90' lang='lat' dir='ltr'><strong>vcro</strong></span> <span class='ocrx_word' id='word_1_275' title='bbox 777 3973 920 4031; x_wconf 91' lang='lat' dir='ltr'><strong>cardinalis</strong></span> <span class='ocrx_word' id='word_1_276' title='bbox 934 3975 1023 4050; x_wconf 90' lang='lat' dir='ltr'><strong>coepit</strong></span> <span class='ocrx_word' id='word_1_277' title='bbox 1036 3981 1151 4032; x_wconf 89' lang='lat' dir='ltr'><strong>tractare</strong></span> <span class='ocrx_word' id='word_1_278' title='bbox 1170 3977 1339 4034; x_wconf 86' lang='lat' dir='ltr'><strong>concordiam</strong></span> <span class='ocrx_word' id='word_1_279' title='bbox 1356 3978 1425 4035; x_wconf 89' lang='lat' dir='ltr'><strong>inter</strong></span> <span class='ocrx_word' id='word_1_280' title='bbox 1441 3980 1529 4054; x_wconf 85' lang='lat' dir='ltr'><strong>ipsum</strong></span> <span class='ocrx_word' id='word_1_281' title='bbox 1542 3987 1571 4036; x_wconf 88' lang='lat' dir='ltr'><strong>et</strong></span> <span class='ocrx_word' id='word_1_282' title='bbox 1584 3995 1651 4036; x_wconf 91' lang='lat' dir='ltr'><strong>cau·</strong></span> 
     </span>
     <span class='ocr_line' id='line_1_29' title="bbox 234 4063 1651 4150; baseline 0.011 -31"><span class='ocrx_word' id='word_1_283' title='bbox 234 4063 380 4135; x_wconf 83' lang='lat' dir='ltr'><strong>celarium,</strong></span> <span class='ocrx_word' id='word_1_284' title='bbox 396 4081 464 4138; x_wconf 89' lang='lat' dir='ltr'><strong>qnae</strong></span> <span class='ocrx_word' id='word_1_285' title='bbox 477 4073 587 4140; x_wconf 86' lang='lat' dir='ltr'><strong>propter</strong></span> <span class='ocrx_word' id='word_1_286' title='bbox 599 4069 752 4128; x_wconf 84' lang='lat' dir='ltr'><strong>simultates</strong></span> <span class='ocrx_word' id='word_1_287' title='bbox 765 4071 890 4130; x_wconf 86' lang='lat' dir='ltr'><strong>subortas</strong></span> <span class='ocrx_word' id='word_1_288' title='bbox 901 4088 954 4130; x_wconf 95' lang='lat' dir='ltr'><strong>nou</strong></span> <span class='ocrx_word' id='word_1_289' title='bbox 967 4075 1055 4146; x_wconf 90' lang='lat' dir='ltr'><strong>potuit</strong></span> <span class='ocrx_word' id='word_1_290' title='bbox 1066 4073 1260 4146; x_wconf 89' lang='lat' dir='ltr'><strong>consummari,</strong></span> <span class='ocrx_word' id='word_1_291' title='bbox 1270 4077 1436 4150; x_wconf 89' lang='lat' dir='ltr'><strong>accessitque</strong></span> <span class='ocrx_word' id='word_1_292' title='bbox 1451 4079 1610 4134; x_wconf 82' lang='lat' dir='ltr'><strong>Panormum</strong></span> <span class='ocrx_word' id='word_1_293' title='bbox 1621 4083 1651 4134; x_wconf 88' lang='lat' dir='ltr'><strong>ct</strong></span> 
     </span>
     <span class='ocr_line' id='line_1_30' title="bbox 234 4159 1649 4248; baseline 0.008 -30"><span class='ocrx_word' id='word_1_294' title='bbox 234 4159 378 4220; x_wconf 85' lang='lat' dir='ltr'><strong>honorilice</strong></span> <span class='ocrx_word' id='word_1_295' title='bbox 389 4163 569 4238; x_wconf 75' lang='lat' dir='ltr'><strong>uoppuoue</strong></span> <span class='ocrx_word' id='word_1_296' title='bbox 582 4173 718 4243; x_wconf 82' lang='lat' dir='ltr'><strong>receptus.</strong></span> <span class='ocrx_word' id='word_1_297' title='bbox 733 4170 823 4244; x_wconf 91' lang='lat' dir='ltr'><strong>coepit</strong></span> <span class='ocrx_word' id='word_1_298' title='bbox 837 4176 964 4244; x_wconf 86' lang='lat' dir='ltr'><strong>tanquam</strong></span> <span class='ocrx_word' id='word_1_299' title='bbox 979 4171 1069 4228; x_wconf 89' lang='lat' dir='ltr'><strong>balius</strong></span> <span class='ocrx_word' id='word_1_300' title='bbox 1079 4172 1151 4246; x_wconf 85' lang='lat' dir='ltr'><strong>regis</strong></span> <span class='ocrx_word' id='word_1_301' title='bbox 1161 4179 1190 4228; x_wconf 90' lang='lat' dir='ltr'><strong>et</strong></span> <span class='ocrx_word' id='word_1_302' title='bbox 1200 4173 1274 4246; x_wconf 86' lang='lat' dir='ltr'><strong>regui</strong></span> <span class='ocrx_word' id='word_1_303' title='bbox 1284 4176 1388 4247; x_wconf 84' lang='lat' dir='ltr'><strong>negotia</strong></span> <span class='ocrx_word' id='word_1_304' title='bbox 1400 4181 1571 4248; x_wconf 83' lang='lat' dir='ltr'><strong>pertractare.</strong></span> <span class='ocrx_word' id='word_1_305' title='bbox 1582 4175 1649 4232; x_wconf 88' lang='lat' dir='ltr'><strong>Cum</strong></span> 
     </span>
     <span class='ocr_line' id='line_1_31' title="bbox 233 4261 1651 4346; baseline 0.01 -30"><span class='ocrx_word' id='word_1_306' title='bbox 233 4264 324 4316; x_wconf 68' lang='lat' dir='ltr'><strong>aubin</strong></span> <span class='ocrx_word' id='word_1_307' title='bbox 336 4261 492 4318; x_wconf 86' lang='lat' dir='ltr'><strong>mandatnm</strong></span> <span class='ocrx_word' id='word_1_308' title='bbox 505 4263 657 4338; x_wconf 80' lang='lat' dir='ltr'><strong>capparoni</strong></span> <span class='ocrx_word' id='word_1_309' title='bbox 669 4266 779 4324; x_wconf 81' lang='lat' dir='ltr'><strong>iecisset</strong></span> <span class='ocrx_word' id='word_1_310' title='bbox 791 4267 843 4326; x_wconf 87' lang='lat' dir='ltr'><strong>sub</strong></span> <span class='ocrx_word' id='word_1_311' title='bbox 861 4269 954 4326; x_wconf 90' lang='lat' dir='ltr'><strong>debito</strong></span> <span class='ocrx_word' id='word_1_312' title='bbox 969 4269 1090 4343; x_wconf 86' lang='lat' dir='ltr'><strong>praestiti</strong></span> <span class='ocrx_word' id='word_1_313' title='bbox 1099 4271 1243 4342; x_wconf 72' lang='lat' dir='ltr'><strong>iuramenti</strong></span> <span class='ocrx_word' id='word_1_314' title='bbox 1255 4288 1338 4346; x_wconf 91' lang='lat' dir='ltr'><strong>super</strong></span> <span class='ocrx_word' id='word_1_315' title='bbox 1350 4273 1531 4330; x_wconf 79' lang='lat' dir='ltr'><strong>satisfactione</strong></span> <span class='ocrx_word' id='word_1_316' title='bbox 1544 4271 1651 4330; x_wconf 87' lang='lat' dir='ltr'><strong>clericis</strong></span> 
     </span>
     <span class='ocr_line' id='line_1_32' title="bbox 234 4355 1649 4443; baseline 0.012 -32"><span class='ocrx_word' id='word_1_317' title='bbox 234 4361 262 4411; x_wconf 92' lang='lat' dir='ltr'><strong>et</strong></span> <span class='ocrx_word' id='word_1_318' title='bbox 275 4355 397 4414; x_wconf 78' lang='lat' dir='ltr'><strong>ecclesiis</strong></span> <span class='ocrx_word' id='word_1_319' title='bbox 411 4358 600 4433; x_wconf 88' lang='lat' dir='ltr'><strong>impendenda,</strong></span> <span class='ocrx_word' id='word_1_320' title='bbox 616 4361 659 4419; x_wconf 92' lang='lat' dir='ltr'><strong>ille</strong></span> <span class='ocrx_word' id='word_1_321' title='bbox 673 4377 781 4437; x_wconf 88' lang='lat' dir='ltr'><strong>semper</strong></span> <span class='ocrx_word' id='word_1_322' title='bbox 793 4363 863 4422; x_wconf 89' lang='lat' dir='ltr'><strong>bene</strong></span> <span class='ocrx_word' id='word_1_323' title='bbox 874 4366 1033 4440; x_wconf 89' lang='lat' dir='ltr'><strong>promittens</strong></span> <span class='ocrx_word' id='word_1_324' title='bbox 1048 4365 1082 4424; x_wconf 92' lang='lat' dir='ltr'><strong>de</strong></span> <span class='ocrx_word' id='word_1_325' title='bbox 1101 4367 1243 4440; x_wconf 87' lang='lat' dir='ltr'><strong>promissis</strong></span> <span class='ocrx_word' id='word_1_326' title='bbox 1257 4369 1322 4426; x_wconf 92' lang='lat' dir='ltr'><strong>nihil</strong></span> <span class='ocrx_word' id='word_1_327' title='bbox 1336 4369 1446 4442; x_wconf 84' lang='lat' dir='ltr'><strong>agebat,</strong></span> <span class='ocrx_word' id='word_1_328' title='bbox 1461 4369 1585 4426; x_wconf 84' lang='lat' dir='ltr'><strong>univorsa</strong></span> <span class='ocrx_word' id='word_1_329' title='bbox 1597 4385 1649 4443; x_wconf 91' lang='lat' dir='ltr'><strong>pro</strong></span> 
     </span>
     <span class='ocr_line' id='line_1_33' title="bbox 234 4453 1646 4540; baseline 0.01 -30"><span class='ocrx_word' id='word_1_330' title='bbox 234 4467 283 4510; x_wconf 87' lang='lat' dir='ltr'><strong>sna</strong></span> <span class='ocrx_word' id='word_1_331' title='bbox 295 4453 432 4512; x_wconf 87' lang='lat' dir='ltr'><strong>voluntate</strong></span> <span class='ocrx_word' id='word_1_332' title='bbox 444 4455 598 4532; x_wconf 84' lang='lat' dir='ltr'><strong>disponens</strong></span> <span class='ocrx_word' id='word_1_333' title='bbox 611 4459 688 4517; x_wconf 86' lang='lat' dir='ltr'><strong>Unde</strong></span> <span class='ocrx_word' id='word_1_334' title='bbox 699 4461 840 4519; x_wconf 88' lang='lat' dir='ltr'><strong>cardinalis</strong></span> <span class='ocrx_word' id='word_1_335' title='bbox 854 4461 1006 4537; x_wconf 89' lang='lat' dir='ltr'><strong>praedictus</strong></span> <span class='ocrx_word' id='word_1_336' title='bbox 1020 4471 1083 4539; x_wconf 91' lang='lat' dir='ltr'><strong>post</strong></span> <span class='ocrx_word' id='word_1_337' title='bbox 1099 4465 1289 4538; x_wconf 86' lang='lat' dir='ltr'><strong>aliquantulam</strong></span> <span class='ocrx_word' id='word_1_338' title='bbox 1308 4483 1410 4524; x_wconf 88' lang='lat' dir='ltr'><strong>moram</strong></span> <span class='ocrx_word' id='word_1_339' title='bbox 1424 4483 1504 4540; x_wconf 91' lang='lat' dir='ltr'><strong>quarn</strong></span> <span class='ocrx_word' id='word_1_340' title='bbox 1518 4467 1582 4524; x_wconf 86' lang='lat' dir='ltr'><strong>iecit</strong></span> <span class='ocrx_word' id='word_1_341' title='bbox 1594 4467 1646 4524; x_wconf 89' lang='lat' dir='ltr'><strong>Pa-</strong></span> 
     </span>
     <span class='ocr_line' id='line_1_34' title="bbox 235 4551 1648 4640; baseline 0.012 -33"><span class='ocrx_word' id='word_1_342' title='bbox 235 4551 334 4624; x_wconf 90' lang='lat' dir='ltr'><strong>normi,</strong></span> <span class='ocrx_word' id='word_1_343' title='bbox 349 4553 464 4614; x_wconf 85' lang='lat' dir='ltr'><strong>maxime</strong></span> <span class='ocrx_word' id='word_1_344' title='bbox 477 4563 587 4632; x_wconf 90' lang='lat' dir='ltr'><strong>propter</strong></span> <span class='ocrx_word' id='word_1_345' title='bbox 598 4573 688 4632; x_wconf 85' lang='lat' dir='ltr'><strong>regem</strong></span> <span class='ocrx_word' id='word_1_346' title='bbox 700 4559 746 4634; x_wconf 94' lang='lat' dir='ltr'><strong>qui</strong></span> <span class='ocrx_word' id='word_1_347' title='bbox 758 4559 940 4618; x_wconf 88' lang='lat' dir='ltr'><strong>delectabatur</strong></span> <span class='ocrx_word' id='word_1_348' title='bbox 953 4561 981 4617; x_wconf 95' lang='lat' dir='ltr'><strong>in</strong></span> <span class='ocrx_word' id='word_1_349' title='bbox 994 4561 1052 4635; x_wconf 86' lang='lat' dir='ltr'><strong>ejus</strong></span> <span class='ocrx_word' id='word_1_350' title='bbox 1064 4565 1215 4638; x_wconf 87' lang='lat' dir='ltr'><strong>praesentia</strong></span> <span class='ocrx_word' id='word_1_351' title='bbox 1230 4571 1259 4623; x_wconf 90' lang='lat' dir='ltr'><strong>et</strong></span> <span class='ocrx_word' id='word_1_352' title='bbox 1274 4565 1308 4623; x_wconf 87' lang='lat' dir='ltr'><strong>ds</strong></span> <span class='ocrx_word' id='word_1_353' title='bbox 1325 4581 1374 4623; x_wconf 91' lang='lat' dir='ltr'><strong>sua</strong></span> <span class='ocrx_word' id='word_1_354' title='bbox 1386 4564 1567 4625; x_wconf 90' lang='lat' dir='ltr'><strong>consolatione</strong></span> <span class='ocrx_word' id='word_1_355' title='bbox 1578 4581 1648 4640; x_wconf 86' lang='lat' dir='ltr'><strong>gan-</strong></span> 
     </span>
     <span class='ocr_line' id='line_1_35' title="bbox 234 4647 1156 4734; baseline 0.008 -26"><span class='ocrx_word' id='word_1_356' title='bbox 234 4647 330 4721; x_wconf 82' lang='lat' dir='ltr'><strong>debat,</strong></span> <span class='ocrx_word' id='word_1_357' title='bbox 341 4651 493 4714; x_wconf 68' lang='lat' dir='ltr'><strong>Messanam</strong></span> <span class='ocrx_word' id='word_1_358' title='bbox 505 4653 594 4727; x_wconf 88' lang='lat' dir='ltr'><strong>rediit,</strong></span> <span class='ocrx_word' id='word_1_359' title='bbox 608 4655 707 4714; x_wconf 85' lang='lat' dir='ltr'><strong>domini</strong></span> <span class='ocrx_word' id='word_1_360' title='bbox 718 4673 805 4732; x_wconf 85' lang='lat' dir='ltr'><strong>papae</strong></span> <span class='ocrx_word' id='word_1_361' title='bbox 814 4673 973 4734; x_wconf 82' lang='lat' dir='ltr'><strong>responsum</strong></span> <span class='ocrx_word' id='word_1_362' title='bbox 984 4666 1156 4734; x_wconf 78' lang='lat' dir='ltr'><strong>expectans.»</strong></span> 
     </span>
    </p>
   </div>
   <div class='ocr_carea' id='block_1_5' title="bbox 0 0 2194 5954">
    <p class='ocr_par' dir='ltr' id='par_1_5' title="bbox 0 0 2194 5954">
     <span class='ocr_line' id='line_1_36' title="bbox 0 0 2194 5954; baseline 0 3"><span class='ocrx_word' id='word_1_363' title='bbox 0 0 2194 5954; x_wconf 95' lang='lat' dir='ltr'><strong> </strong></span> 
     </span>
    </p>
   </div>
  </div>
 </body>
</html>
