4334 5980
243 611 341 674 trnrcn
360 607 421 694 lt]
694 607 889 670 HISTORIA
914 607 1206 670 utrtottu'rtcs.
1597 607 1656 670 lto

244 745 469 822 concedimus
486 753 522 818 et
540 743 692 840 presenti
717 743 899 840 privilegio
916 743 1162 818 confirmamus
1183 742 1326 818 ecclesie
1342 745 1466 817 Sancto
1485 743 1593 818 biario
1610 743 1656 817 de

243 869 389 968 Aydono
408 890 480 967 que
506 867 646 942 subdita
669 875 722 944 est
742 869 842 942 matri
862 889 927 942 sno
948 868 1127 942 Catanensi
1151 867 1314 960 ecclesie,
1339 866 1517 964 quoddam
1543 870 1656 942 casale

242 995 404 1069 videlicet
432 991 642 1083 Rabalbasil,
667 993 766 1088 quod
790 1002 842 1067 est
864 994 970 1066 sitnm
994 993 1031 1066 in
1055 993 1242 1067 tenimento
1268 991 1375 1066 Castri
1402 992 1543 1067 Ioannis
1566 993 1657 1068 inter

243 1120 355 1193 casale
371 1117 493 1192 chine
516 1126 552 1191 et
575 1117 689 1191 casalo
711 1116 847 1190 Castine
869 1139 949 1191 cum
968 1117 1129 1192 omnibus
1148 1117 1251 1211 justis
1275 1117 1471 1192 tenimentis
1493 1128 1528 1192 et
1550 1117 1655 1214 perti·

243 1243 369 1316 nentiis
390 1245 477 1318 suis.
507 1243 716 1317 llolaxamus
737 1243 842 1316 etiam
870 1241 983 1317 eidem
1015 1243 1160 1318 ecclesie
1185 1245 1311 1318 salmas
1336 1243 1498 1318 frumenti
1521 1251 1599 1318 octo
1621 1253 1658 1316 ot

243 1366 364 1442 bordei
382 1377 459 1442 octo
479 1389 568 1463 quas
589 1365 823 1464 proquodam
840 1367 1040 1441 molendino
1056 1368 1152 1462 quod
1171 1367 1216 1442 de
1234 1367 1454 1442 concessione
1471 1367 1657 1465 predeces-

242 1512 359 1565 sornm
375 1501 569 1566 nostrorum
588 1491 664 1588 ipsa
680 1491 825 1565 ecclesia
838 1491 873 1564 in
892 1492 1078 1566 tenimento
1092 1491 1251 1590 Aydonis
1264 1493 1309 1567 de
1326 1493 1475 1589 propriis
1491 1493 1656 1588 expensis

243 1617 317 1688 suis
342 1616 557 1707 construxit,
585 1615 722 1690 dubano
750 1625 866 1689 nostre
890 1617 1068 1689 annuatim
1096 1617 1277 1690 exsolvere
1303 1615 1496 1690 consuevit.
1521 1615 1656 1690 Confir-

243 1749 377 1814 mantes
393 1748 434 1813 nt
448 1747 637 1814 memorata
653 1737 800 1814 ecclesia
813 1739 931 1814 omnia
943 1741 1036 1834 jura,
1052 1739 1238 1832 libertates,
1256 1741 1501 1837 possessiones,
1519 1741 1652 1832 vineas,

243 1871 368 1958 terras,
389 1873 518 1956 turres,
540 1863 681 1958 domos,
708 1864 946 1939 molendinum
965 1863 1079 1961 ipsum
1098 1887 1178 1938 cum
1202 1865 1416 1960 aliquantula
1437 1873 1525 1940 terra
1542 1887 1655 1941 vacua

243 1988 309 2084 ipsi
327 1989 521 2083 adjacente,
539 1999 575 2064 et
591 2011 812 2088 quecumque
821 1993 913 2084 juste
931 1989 1085 2086 possidet
1102 1991 1138 2062 in
1157 1999 1362 2087 perpetuum
1378 1998 1537 2064 teneatet
1548 1989 1655 2064 libere

242 2113 318 2188 sine
342 2113 481 2188 datione
503 2113 619 2210 aliqua
647 2113 833 2212 possideat.
864 2115 1071 2190 Mandamus
1098 2113 1202 2214 etiam
1230 2124 1265 2190 et
1289 2115 1456 2212 presentis
1482 2115 1655 2212 privilegii

241 2237 444 2312 auctoritato
466 2239 641 2312 sancimus
658 2249 697 2312 ut
719 2240 814 2312 nulla
831 2239 876 2314 de
894 2249 1007 2314 cetero
1029 2261 1174 2336 persona
1198 2239 1379 2314 ecclesiam
1397 2241 1507 2334 ipsam
1525 2237 1571 2312 de
1594 2261 1654 2312 su·

241 2359 408 2458 prodictio
436 2364 597 2438 omnibus
622 2363 803 2438 molestare
827 2365 884 2438 vel
914 2363 1083 2461 impedire
1110 2373 1299 2460 presumat.
1329 2363 1385 2438 Ad
1411 2361 1517 2456 hujus
1539 2375 1655 2438 autam

242 2495 356 2560 nostre
388 2487 604 2581 donationis,
636 2489 867 2562 concessionis
893 2499 928 2562 et
956 2489 1224 2564 continuationis
1249 2489 1449 2564 memoriam
1483 2497 1518 2563 et
1551 2488 1656 2564 robur

241 2620 407 2706 perpetuo
426 2612 634 2706 valiturum,
655 2633 798 2709 presens
815 2613 1036 2710 privilegium
1056 2635 1118 2711 per
1136 2634 1260 2686 manus
1280 2613 1366 2685 Boni
1382 2611 1522 2686 loannis
1540 2609 1591 2708 (a)
1610 2611 1655 2686 de

242 2733 349 2808 Gaetu
366 2735 488 2808 notan'i
505 2743 539 2808 et
556 2733 669 2808 fidelis
680 2735 787 2808 nostri
806 2735 909 2810 scribi
927 2747 962 2810 st
977 2735 1163 2830 majestatis
1181 2745 1295 2810 nostre
1312 2735 1425 2829 sigillo
1440 2737 1656 2832 precepimus

243 2859 460 2952 communiri,
480 2881 589 2952 anno,
609 2883 727 2935 mense
742 2871 777 2934 et
793 2861 980 2936 indictione
998 2861 1212 2959 subscriptis.

289 2986 413 3058 Datum
432 2983 677 3080 Calatagironi,
699 3009 791 3060 anno
813 2985 985 3060 dominice
1005 2987 1249 3060 incarnationis
1265 2985 1402 3076 blCCX,
1420 3007 1538 3059 mense
1555 2995 1655 3060 octo-

240 3107 330 3198 bris,
348 3109 426 3184 XIV
442 3109 657 3203 indictionis,
678 3112 778 3206 regni
796 3131 878 3185 vero
897 3111 1027 3188 domini
1048 3112 1154 3184 nostri
1177 3109 1342 3184 Friderici
1364 3109 1426 3181 Dei
1450 3109 1559 3202 gratia
1577 3112 1652 3205 glo·

240 3233 420 3307 riosissimi
444 3235 536 3330 regis
560 3235 692 3326 Sicilie,
716 3235 864 3310 ducatus
885 3235 1012 3332 Apulis
1034 3245 1069 3311 et
1085 3235 1297 3332 principatus
1315 3233 1431 3330 Capue
1454 3255 1546 3308 anno
1562 3237 1652 3328 Xlll,

240 3357 395 3433 feliciter.
416 3359 539 3436 Amen.

486 3667 1406 3682 —n———nn—Q-——ffi—-ffl

291 3927 533 4012 Innocentius
550 3955 651 4040 papa
668 3931 872 4038 [Ottonem]
894 3931 1199 4016 excommunicat
1215 3940 1253 4013 et
1274 3929 1471 4013 ecclesiam
1494 3929 1653 4037 Capua-

240 4085 330 4142 uam
353 4062 426 4144 sub
452 4063 651 4148 interdicto
677 4067 804 4174 ponit,
826 4092 896 4176 pro
917 4092 963 4150 eo
986 4066 1091 4176 quod
1120 4064 1309 4148 celebrare
1341 4064 1423 4146 ansi
1456 4071 1545 4145 sunt
1570 4062 1653 4170 ipso

239 4206 454 4304 praesente3
479 4199 781 4283 excommunicat
806 4199 921 4282 etiam
947 4193 1082 4284 omues
1109 4199 1275 4282 fautores
1302 4196 1421 4307 ipsius
1443 4195 1483 4278 iu
1511 4193 1653 4278 octavis

239 4325 367 4412 Sancti
394 4329 544 4416 Martini
563 4329 639 4442 (l).
660 4332 760 4417 Rrec.
788 4360 833 4416 ns
862 4335 902 4419 S.
930 4333 1125 4442 Ganmno,
1152 4332 1506 4418 scrutinatam.
1532 4327 1651 4436 1210,

280 4515 321 4596 (a)
340 4516 542 4582 Verlslmllltor
553 4527 652 4584 autem
665 4521 875 4586 Boulhomt'm't.

276 4755 311 4830 (t)
329 4759 403 4820 Tunc
417 4777 481 4820 vero
493 4763 596 4836 potius,
612 4769 642 4821 ut
653 4764 796 4824 arbitratur
808 4766 986 4839 boehmerus,
998 4765 1278 4826 excommunicationis
1290 4765 1364 4840 quasi
1377 4763 1556 4840 praeludium,
1569 4777 1652 4839 quum
