4434 5942
576 569 617 630 32
1073 561 1289 625 nnrnnnrcr
1317 563 1492 625 sucunnr
1796 569 1877 647 [nn.
1897 569 1985 634 uso.

575 703 657 800 quis
672 709 789 774 autem
798 698 956 790 clericus,
964 699 1214 792 cujuscumque
1229 697 1406 794 dignitatis
1421 709 1455 773 et
1469 699 1614 786 ordinis,
1634 700 1746 774 officia
1756 705 1987 780 ecclesiastica

574 829 633 903 rel
646 833 858 900 sacramenta
876 823 997 896 divina
1014 822 1046 894 si
1065 822 1121 895 vel
1137 823 1345 917 sequacibus
1360 823 1433 896 suis
1451 824 1644 898 ministrare
1661 837 1884 920 presumeret,
1900 829 1987 902 sciat

575 975 615 1027 sc
643 951 822 1046 dignitatis
851 957 886 1022 et
914 946 1046 1020 ordinis
1071 947 1265 1042 periculum
1297 947 1496 1021 incurrisse.
1531 950 1615 1022 Item
1645 953 1987 1028 excommunicamus

577 1078 596 1151 J
600 1132 608 1149 .
635 1072 811 1170 quondam
837 1073 983 1145 electum
1004 1072 1127 1143 Sancte
1145 1070 1328 1164 Severius,
1347 1073 1407 1167 qui
1427 1073 1541 1146 eidam
1567 1073 1788 1148 Marcoraldo
1817 1075 1987 1150 adherens

576 1197 906 1275 administrationem
924 1195 1137 1269 Salernitana
1154 1195 1298 1269 ecclesie
1312 1195 1357 1270 de
1376 1197 1485 1292 ipsius
1502 1219 1607 1271 mann
1622 1199 1764 1294 recepit.

625 1323 747 1397 Forma
774 1321 979 1419 receptionis
1004 1320 1070 1393 bec
1091 1321 1189 1393 luit:
1210 1321 1344 1394 Iuravit
1364 1321 1604 1396 Marcovaldus
1621 1323 1762 1418 publice
1785 1323 1861 1398 sinc
1886 1332 1986 1420 pacto

576 1447 732 1544 quolibet
753 1455 788 1520 et
804 1455 934 1538 tenore,
954 1467 1059 1540 super
1073 1465 1211 1517 crucem
1224 1455 1260 1518 et
1276 1446 1487 1540 Evangelia,
1505 1447 1601 1540 quod
1618 1468 1724 1544 super
1740 1449 1902 1522 omnibus
1924 1469 1985 1544 pro

575 1573 707 1668 quibus
734 1569 1054 1644 excommunicatus
1079 1568 1219 1662 existit,
1244 1566 1320 1642 sine
1350 1569 1472 1643 fraude
1499 1569 1672 1644 mandatis
1700 1571 1824 1646 uostris
1849 1571 1986 1646 obediet

575 1696 749 1772 universis
767 1694 921 1788 quesibi
939 1716 1001 1790 per
1019 1715 1083 1766 nos
1105 1695 1162 1768 vel
1181 1695 1321 1768 nuntios
1339 1703 1401 1768 aut
1416 1695 1546 1770 litteras
1563 1705 1696 1770 nostrus
1714 1695 1919 1770 duxerimus
1935 1697 1986 1770 ia·

578 1821 927 1895 cienda.Tenorvem
940 1817 1095 1892 mandati
1111 1819 1287 1912 apostolici
1299 1820 1363 1891 luit
1373 1819 1467 1892 talis:
1477 1819 1680 1894 mandatum
1691 1829 1744 1894 est
1752 1821 1785 1894 ei
1794 1821 1860 1894 sub
1870 1819 1987 1894 debito

578 1945 710 2044 prestiti
721 1943 909 2036 juramenti
925 1951 964 2014 ut
976 1965 998 2014 a
1011 1942 1103 2016 balio
1111 1943 1408 2037 regni,invasione
1419 1966 1560 2040 quoque
1573 1967 1616 2018 ae
1629 1947 1867 2020 molestatione
1879 1945 1987 2040 ipsius

577 2091 642 2166 per
657 2090 696 2142 se
715 2090 757 2142 ao
776 2089 858 2140 suos
883 2067 1023 2139 omuino
1046 2067 1189 2140 desistat
1215 2089 1279 2141 nec
1298 2069 1415 2164 ipsum
1439 2077 1500 2142 aut
1521 2069 1765 2166 patrimonium
1789 2070 1881 2143 beati
1898 2069 1988 2142 Petri

577 2217 641 2293 per
655 2216 693 2268 se
706 2194 762 2267 vel
771 2193 877 2265 alium
890 2193 961 2265 ullo
976 2191 1081 2265 modo
1096 2193 1268 2278 molestet;
1281 2193 1442 2267 universa
1455 2215 1527 2288 que
1542 2193 1588 2268 dc
1601 2215 1709 2288 reguo
1726 2216 1790 2290 per
1801 2215 1840 2268 ss
1854 2195 1911 2267 vel
1926 2213 1989 2289 per

579 2339 662 2392 suos
679 2317 892 2411 invasitque
913 2316 1111 2390 detinentur
1131 2316 1268 2412 abipso
1285 2318 1440 2392 restituat
1462 2325 1497 2390 et
1516 2317 1561 2391 ab
1582 2317 1676 2391 omni
1692 2341 1833 2414 prorsus
1854 2318 1987 2412 obliga·

580 2442 674 2516 tione
693 2442 865 2532 absolvat,
883 2461 953 2535 que
970 2461 1054 2512 vero
1073 2439 1270 2513 detinentur
1288 2440 1333 2512 ab
1352 2440 1429 2514 aliis
1442 2462 1506 2538 pru
1522 2461 1624 2537 posse
1645 2463 1711 2514 suo
1732 2441 1865 2516 restitui
1887 2441 1989 2516 iaciat

579 2566 673 2642 bona
698 2565 780 2639 lide.
800 2569 912 2660 Super
933 2565 1122 2638 bisantem
1142 2588 1212 2660 que
1233 2587 1298 2638 nec
1315 2567 1360 2640 ab
1379 2567 1454 2662 ipso
1472 2588 1538 2640 neo
1560 2567 1635 2640 suis
1649 2567 1834 2657 habentur,
1852 2576 1893 2640 ut
1909 2576 1990 2663 pote

579 2713 685 2788 super
709 2691 846 2766 damnis
868 2699 903 2762 et
920 2690 1057 2783 injuriis
1084 2691 1186 2763 illatis
1208 2691 1387 2786 presertim
1402 2691 1503 2764 nobis
1517 2701 1552 2765 et
1568 2691 1774 2766 monasterio
1792 2689 1986 2782 Casinensi,

579 2817 764 2892 satisfaciat
784 2825 1016 2911 competenter
1038 2815 1233 2916 secundum
1251 2815 1510 2911 dispositionem
1535 2823 1687 2890 nostram
1710 2824 1745 2890 et
1766 2815 1923 2912 pmprias
1937 2815 1989 2888 la-

581 2942 738 3014 cultates.
752 2942 790 3010 ln
804 2939 947 3013 elericos
961 2939 1007 3012 de
1020 2950 1132 3013 cetero
1148 2949 1184 3013 et
1197 2941 1291 3014 viros
1304 2941 1552 3015 ecclesiasticos
1563 2962 1687 3015 manns
1702 2961 1767 3014 neo
1783 2939 1916 3033 injiciat
1925 2960 1990 3012 nec

583 3063 677 3156 injici
698 3064 801 3136 laciat
823 3063 1003 3136 violentas.
1025 3063 1225 3137 cardinales
1244 3065 1426 3159 allegatos
1445 3063 1641 3160 Apostolice
1658 3064 1758 3140 Sedis
1781 3087 1847 3138 nee
1868 3062 1991 3160 spoliet

583 3209 650 3262 nec
665 3185 805 3283 spoliari
823 3207 888 3259 nec
906 3187 982 3281 capi
1000 3187 1103 3260 iaciat
1116 3197 1178 3260 aut
1192 3188 1295 3262 etiam
1307 3188 1473 3284 obsideri,
1486 3189 1554 3263 nisi
1573 3191 1687 3264 forsan
1704 3190 1928 3286 impugnatus
1945 3189 1991 3262 ab

583 3313 688 3386 eisin
706 3313 941 3386 defensionem
956 3312 1132 3407 propriam
1145 3311 1184 3386 id
1201 3314 1313 3387 lacere
1328 3322 1526 3407 cogeretur,
1545 3335 1615 3388 non
1628 3315 1724 3409 quod
1743 3313 1782 3388 id
1797 3324 1880 3387 tunc
1894 3314 1929 3388 ei
1948 3313 1991 3387 li·

583 3458 661 3512 cere
680 3437 849 3529 dicamus,
871 3435 936 3510 sed
953 3435 1038 3530 quia
1055 3437 1121 3510 boc
1138 3438 1258 3512 sinon
1280 3438 1519 3514 interdicimus
1530 3461 1578 3514 ex
1595 3439 1712 3514 debito
1727 3439 1926 3534 juramenti.

631 3561 810 3634 Accedens
828 3561 934 3654 igitur
952 3560 1194 3636 Marcovaldus
1211 3563 1356 3637 Verulae
1372 3562 1419 3638 ad
1433 3564 1639 3661 presentiam
1654 3557 1863 3638 venerabilis
1881 3563 1992 3638 trabis

582 3683 691 3758 nostri
708 3684 749 3756 0.
769 3684 935 3756 Ostiensis
952 3685 1105 3782 episcopi
1123 3695 1158 3758 et
1179 3685 1382 3760 dilectorum
1403 3687 1553 3762 filiorum
1578 3688 1619 3762 G.
1641 3688 1731 3762 tituli
1746 3691 1870 3762 Sancte
1885 3688 1993 3762 biarie

582 3819 678 3883 trans
699 3809 860 3904 Tyberim
882 3810 1074 3905 presbyteri
1091 3819 1127 3883 et
1144 3813 1187 3882 Η.
1207 3812 1321 3884 Sancti
1335 3811 1511 3886 Eustachii
1526 3813 1662 3888 diaconi
1680 3812 1925 3904 cardinalium,
1943 3812 1992 3884 le-

583 3942 742 4028 gatorum
755 3932 951 4028 Apostolice
964 3935 1083 4028 Sedis,
1099 3937 1201 4028 juxta
1216 3935 1359 4010 modum
1379 3959 1583 4034 expressum
1601 3939 1762 4036 superius
1779 3937 1919 4034 publice
1931 3939 1992 4030 ju·

584 4045 778 4134 ramentum
794 4059 973 4152 exhibuit,
990 4067 1024 4132 et
1041 4059 1234 4134 secuudum
1253 4060 1405 4136 Ecclesia
1425 4063 1569 4136 sormam
1586 4061 1754 4136 beneficio
1769 4061 1995 4136 absolutionis

584 4183 738 4280 obtento,
758 4181 961 4256 mandatum
981 4183 1048 4256 sub
1064 4183 1188 4258 eodem
1204 4193 1321 4259 tenore
1339 4186 1468 4283 recepit
1486 4195 1522 4260 st
1538 4208 1577 4261 sc
1591 4187 1748 4283 promisit
1763 4186 1910 4260 fideliter
1924 4186 1995 4258 im-

584 4310 757 4406 pleturum
774 4304 840 4404 (l).
863 4307 965 4392 Quod
985 4317 1101 4382 autem
1124 4309 1158 4383 ei
1183 4309 1268 4384 nibil
1287 4332 1393 4408 super
1415 4319 1505 4386 terra
1524 4312 1584 4386 illa
1604 4311 1849 4388 mandavimus
1865 4331 1991 4407 quanm

622 4589 659 4664 (t)
677 4591 717 4649 De
728 4591 860 4666 colloquio
874 4592 945 4666 apud
957 4591 1072 4654 Verulae
1085 4599 1114 4653 st
1126 4594 1161 4653 de
1173 4593 1296 4655 convivio
1310 4594 1338 4653 in
1349 4594 1513 4656 monasterio
1524 4593 1668 4655 Cmernarii
1687 4592 1835 4668 celebmto,
1849 4592 1906 4655 vid.
1919 4591 1994 4654 Get.

586 4687 679 4747 lance.
695 4689 756 4760 111,
772 4705 832 4764 cap.
845 4689 947 4753 xxul.
