4378 5954
256 561 415 647 lacrmis]
707 561 905 624 lllSl'Olllll
929 562 1221 626 llll’LOllA'l'lCA.
1635 567 1674 626 lll

256 701 414 794 laqueos,
435 699 472 771 iu
486 697 661 772 clientium
675 699 831 772 convicia
849 697 1041 788 declinavi,
1058 699 1155 794 quod
1175 699 1227 772 eis
1245 698 1281 768 iu
1298 698 1478 770 obtentum
1495 700 1592 792 regni
1611 723 1673 796 po·

256 825 325 897 tius
339 839 445 920 quam
461 819 512 919 (o)
528 822 565 893 iu
583 819 757 894 commissi
775 823 866 917 regis
882 823 1112 920 aspirantibus
1129 831 1396 911 incrementum,
1416 822 1553 917 perdidi
1573 825 1672 919 regni

257 948 362 1021 nostri
381 947 541 1044 primitus
560 947 704 1041 gloriam
722 957 757 1020 et
774 947 902 1022 deiude
924 971 1028 1044 super
1051 957 1166 1022 vestes
1189 955 1223 1022 et
1242 969 1422 1043 personam
1441 948 1571 1041 regiam
1597 971 1670 1023 sor·

256 1081 325 1144 tem
348 1072 485 1146 mittere
509 1081 805 1168 presumpserunt.
829 1073 914 1146 Nam
940 1072 1021 1146 hiuc
1043 1093 1099 1146 me
1124 1081 1231 1146 vexat
1254 1071 1499 1164 Theotouicus,
1517 1073 1599 1146 hinc
1615 1097 1672 1148 me

255 1196 387 1267 Tuscus
401 1195 579 1284 dilacerat,
598 1195 680 1268 lrinc
695 1195 831 1268 Siculus
847 1196 1013 1291 exagitat,
1029 1196 1112 1268 hinc
1127 1197 1276 1270 Gallicus
1288 1206 1323 1269 et
1339 1197 1508 1270 Barbarus
1526 1200 1581 1270 vel
1593 1200 1671 1294 qui·

254 1320 338 1392 libet
355 1321 526 1414 inquietat
542 1319 609 1416 (l).
627 1320 746 1394 Victus
760 1320 847 1392 mihi
860 1321 1084 1415 quotidianus
1103 1321 1139 1393 in
1159 1320 1329 1418 pondere,
1348 1321 1384 1392 in
1400 1331 1542 1396 metreta
1556 1343 1670 1418 pocu-

254 1445 346 1536 lum,
374 1445 513 1518 libertas
536 1445 749 1541 impenditur
771 1445 807 1516 in
833 1453 958 1518 statura
976 1445 1037 1546 (b).
1056 1445 1160 1538 Regis
1183 1447 1293 1519 abusu
1319 1447 1458 1520 iunctus
1484 1449 1668 1539 vocabulo,

254 1569 368 1664 potius
385 1589 486 1664 regor
503 1591 608 1664 qnam
633 1567 800 1664 dirigam,
819 1571 946 1663 jubeor
970 1571 1082 1664 magis
1107 1592 1214 1666 quam
1243 1572 1427 1667 imperem,
1452 1581 1533 1668 peto
1555 1574 1669 1668 potius

253 1715 358 1788 quam
376 1694 590 1790 impendam.
608 1693 701 1780 Quid
715 1695 816 1790 plura
833 1721 842 1766 r
860 1695 960 1791 plebs
973 1697 1066 1768 latua
1080 1705 1115 1768 et
1131 1717 1201 1768 uon
1214 1695 1369 1791 sapiens,
1386 1696 1485 1792 plebs
1500 1719 1569 1770 nou
1586 1719 1669 1771 con·

253 1817 393 1909 ciliane,
412 1817 476 1892 sed
494 1818 712 1892 dissentiens.
736 1819 822 1892 Cum
839 1820 958 1915 itaque
976 1819 1184 1916 Redemptor
1205 1843 1305 1894 meus
1320 1820 1417 1894 vivat
1432 1821 1618 1894 altissimus
1634 1833 1669 1897 et

253 1941 299 2014 de
312 1941 513 2036 hujusmodi
534 1945 612 2016 lacu
628 1943 766 2017 miserie
783 1942 899 2016 adhuc
921 1943 1006 2016 mihi
1023 1965 1203 2039 resurgere
1221 1953 1409 2040 competat,
1425 1944 1549 2018 iterum
1564 1953 1669 2042 amne

252 2065 375 2140 iterum
401 2069 463 2163 qui
481 2069 601 2142 orbem
618 2069 846 2142 moderamini
865 2089 947 2161 vos,
968 2069 1163 2165 principes,
1184 2077 1504 2164 quantumcumque
1526 2091 1668 2166 possum

252 2213 355 2288 prece
369 2193 515 2268 sollicito
534 2203 574 2265 ut
588 2213 659 2267 non
675 2194 774 2286 mihi,
793 2193 856 2267 sed
872 2193 974 2267 vobis
992 2193 1077 2290 ipsis
1093 2195 1129 2266 iu
1145 2194 1211 2268 hac
1223 2203 1319 2290 parte
1333 2194 1468 2266 certetis
1482 2196 1593 2268 servis
1609 2217 1668 2269 re-
1764 2230 1769 2244 ·

252 2315 391 2408 sistere,
406 2317 540 2392 Cesaris
558 2315 668 2390 filium
685 2317 848 2411 liberare,
872 2319 972 2414 regni
995 2319 1157 2394 diadema
1173 2315 1323 2414 dirigere
1338 2328 1374 2392 et
1389 2319 1582 2415 dispersum
1602 2341 1669 2416 pu-

253 2441 374 2536 pulum
398 2462 629 2538 congregem
648 2452 689 2516 ut
704 2443 789 2517 dnm
813 2444 927 2517 taliter
950 2445 1063 2516 lacere
1084 2443 1267 2535 noveritis,
1288 2443 1317 2515 si
1341 2443 1508 2516 Dominus
1527 2444 1573 2518 de
1593 2445 1668 2520 celo

251 2587 357 2660 snper
374 2564 464 2639 lilios
483 2567 663 2640 hominum
681 2569 912 2664 prospexerit,
926 2567 1075 2642 videatis
1091 2568 1121 2640 si
1135 2568 1331 2662 intelligens
1347 2576 1399 2640 est
1414 2577 1473 2640 ant
1490 2569 1668 2662 requirens

251 2691 332 2764 talia
354 2711 418 2785 per
443 2713 547 2786 quem
566 2692 718 2786 regnatis
735 2691 862 2788 pariter
885 2701 920 2766 et
944 2691 1067 2765 mundi
1091 2691 1228 2764 climata
1250 2691 1415 2786 judicatis
1439 2692 1475 2763 iu
1499 2693 1663 2786 equitate.

250 2813 382 2910 Nempe
400 2815 483 2888 iude
505 2815 568 2888 oeli
590 2817 831 2890 revelaverunt
856 2813 1078 2908 abscondita,
1099 2826 1134 2889 et
1151 2815 1217 2888 nisi
1236 2837 1360 2890 manus
1382 2815 1520 2889 ultrices
1538 2817 1573 2888 in
1590 2837 1667 2890 reos

250 2938 441 3012 extendere
454 2939 673 3033 curaveritis,
693 2940 797 3014 simili
822 2939 1021 3016 discrimine
1044 2962 1109 3015 vos
1129 2941 1223 3037 ipsos
1240 2941 1436 3036 puniendos
1447 2941 1599 3038 poteritis
1611 2963 1666 3015 re-

250 3063 448 3138 formidare.

498 3271 1156 3282 ——m-w--es--n---a--n—-n
1168 3273 1417 3283 ..n—---—0--—--=

302 3537 543 3620 Innocentius
570 3560 670 3646 papa
696 3534 886 3618 Friderico
912 3535 994 3644 regi
1021 3533 1169 3618 Siciliae
1193 3534 1414 3644 respondet,
1435 3561 1594 3620 monens
1616 3563 1666 3622 ne
1725 3571 1838 3684 pipp.

249 3670 501 3754 familiaribus
520 3670 599 3752 suis
617 3669 733 3752 fidem
751 3667 930 3752 adhibeat
956 3669 1129 3778 quicum
1148 3667 1367 3752 Marcualdo
1393 3671 1609 3779 conspirare
1626 3683 1664 3756 et
1813 3661 1821 3676 ’

248 3829 363 3913 anper
384 3803 485 3886 facto
514 3803 696 3887 Gualterii
720 3801 949 3918 Brenncnsis
972 3802 1122 3884 comitis
1139 3803 1334 3886 veritatem
1353 3801 1553 3886 obfuscare
1569 3830 1662 3889 mo-

247 3936 408 4044 liuntur,
429 3937 680 4045 hortaturque
706 3945 749 4018 ut
780 3936 829 4017 de
855 3934 993 4018 comite
1010 3945 1221 4019 memorato
1238 3944 1427 4045 quantum
1445 3937 1493 4020 de
1511 3937 1664 4023 homine

247 4069 349 4153 credi
367 4077 491 4179 potest
508 4067 688 4153 confidat.

286 4257 325 4334 (a)
342 4258 379 4318 In
392 4258 491 4320 ωιίιοιι
505 4264 535 4318 ct
548 4259 580 4318 ln
601 4258 752 4334 impressis
765 4256 848 4318 libris
856 4264 1012 4350 postquam
1017 4301 1026 4332 ,
1041 4259 1129 4320 male.

288 4363 327 4444 (b)
345 4366 441 4426 Locus
454 4365 598 4426 mutunus
612 4365 734 4426 mutilus
748 4381 786 4426 ax
799 4365 900 4427 codiee
915 4375 971 4427 ⁴55
986 4366 1173 4427 reformatur.

282 4601 321 4674 (t)
339 4599 440 4658 sunda
455 4600 625 4674 llarmaldo,
646 4601 792 4676 Diopuldo,
807 4603 926 4672 Pisanis,
941 4603 1094 4676 Samoenis,
1111 4610 1140 4662 et
1157 4604 1285 4663 Gualtero
1296 4605 1443 4663 annensi
1459 4623 1467 4662 ι
1481 4605 1515 4663 de
1527 4622 1581 4680 quo
1593 4607 1661 4664 inira

244 4715 273 4772 p.
292 4703 335 4770 8³,
351 4705 408 4756 not.
425 4703 451 4772 l,
466 4705 494 4757 et
508 4701 552 4770 al,
567 4705 622 4759 not.
638 4704 665 4758 t.
1099 4733 1103 4740 ·
