4378 5954
517 497 574 557 110
1018 489 1234 554 FllllilililCl
1259 491 1434 554 SECUNlil
1741 491 1820 575 [Anu.
1840 491 1931 558 12⁰⁴.

561 629 687 699 Datum
712 627 818 698 Rome
843 625 939 720 apud
961 627 1124 698 Sanctum
1148 627 1303 718 Petrum,
1329 625 1374 700 tv
1399 646 1508 700 nonas
1524 625 1691 719 octobris,
1710 624 1932 722 pontificatus

514 751 624 825 nostri
644 771 734 824 anno
751 752 823 824 vti.

566 877 736 971 Scriptum
750 885 803 948 est
819 875 986 971 postridie
1002 877 1040 948 P.
1061 877 1237 974 episeopo,
1254 875 1495 950 Panormitano
1517 876 1645 963 alecto,
1670 883 1711 948 nt
1730 897 1772 948 ea
1795 875 1933 949 studeat

518 1001 652 1097 operari
677 1023 738 1097 per
751 1021 844 1096 qnae
864 1001 975 1096 magis
990 1023 1032 1075 ao
1055 1003 1167 1097 magis
1184 1002 1265 1076 iidei
1286 1001 1419 1098 puritas
1442 1001 1478 1072 in
1497 1001 1573 1097 ipso
1588 1001 1779 1092 elucescat;
1797 999 1929 1086 abideua,

519 1149 554 1222 p.
578 1127 661 1198 555.

320 1564 478 1609 israeles
570 1547 781 1630 Fridericus
799 1575 866 1631 rex
885 1547 1033 1632 Siciliae
1050 1549 1252 1633 confirmat
1268 1551 1510 1662 priuilegium
1529 1549 1578 1634 ab
1596 1551 1758 1634 ilenrico
1772 1549 1936 1662 impera·

516 1691 597 1764 tore
614 1692 722 1790 patre
741 1708 810 1765 suo
828 1681 1010 1766 fratribus
1028 1684 1226 1792 hospitalis
1246 1686 1374 1770 Sancti
1392 1686 1561 1768 Thomae
1579 1686 1627 1767 de
1644 1684 1782 1768 Berolo
1801 1685 1849 1768 de
1867 1712 1936 1768 or-

517 1813 606 1896 dine
624 1814 944 1896 Theutonioorum
962 1815 1155 1898 indultum
1181 1818 1230 1899 de
1256 1818 1367 1900 terris
1393 1817 1633 1902 laboratoriis
1661 1817 1701 1898 in
1729 1818 1936 1900 tenimento

520 1947 738 2030 Cannarum
757 1957 795 2029 et
811 1948 860 2030 de
878 1948 1035 2030 ecclesia
1054 1950 1182 2032 Sancti
1200 1950 1344 2036 Nicolai
1360 1952 1409 2034 de
1426 1950 1559 2058 Rinla,
1580 1976 1650 2033 nec
1668 1976 1745 2033 non
1764 1950 1842 2033 duo
1861 1950 1936 2034 alia

518 2081 757 2192 privilegien
775 2107 816 2164 se
834 2081 917 2190 ipso
935 2083 1058 2166 eidem
1084 2083 1264 2192 hospitali
1290 2109 1488 2190 eoncessa3
1517 2084 1585 2168 dat
1613 2084 1768 2192 insuper
1794 2094 1935 2166 terram

519 2215 728 2324 quamdam
764 2214 930 2296 demanii
967 2216 1027 2298 sui
1063 2242 1152 2298 cum
1187 2217 1474 2301 confirmatione
1509 2217 1699 2300 bonorum
1734 2216 1933 2323 omnium,

519 2345 820 2456 exemptionibus
836 2358 874 2430 et
886 2346 974 2457 jure
992 2347 1078 2432 lori.

341 1618 457 1672 Panormi,

355 1673 447 1715 octobri.

599 2561 718 2642 (incdit.
735 2580 774 2624 ex
796 2563 878 2624 arch.
894 2579 955 2642 reg.
973 2561 1152 2625 §.Severini
1174 2579 1224 2642 ap.
1245 2563 1415 2646 Neapolim,
1436 2581 1559 2628 numero
1580 2580 1773 2644 pergamenae
1792 2581 1853 2624 non
1875 2579 1935 2624 ex-

639 2669 763 2748 areae)

567 2860 607 2930 ln
628 2857 769 2930 nomine
792 2857 854 2930 liei
877 2858 986 2932 eterni
1008 2867 1044 2929 et
1065 2857 1251 2932 salvatoris
1266 2857 1373 2930 nostri
1387 2857 1494 2956 ihesu
1512 2855 1649 2930 Christi.
1669 2854 1795 2928 Amen.
1818 2851 1936 2926 Fode-

520 2984 613 3056 ricus
629 2982 749 3056 divina
768 2983 907 3056 favente
925 2982 1106 3054 clementia
1124 3003 1188 3054 rex
1203 2981 1336 3073 Sicilie,
1361 2981 1511 3054 ducatus
1528 2981 1656 3076 Apulia
1669 2990 1705 3052 et
1722 2979 1937 3074 principatus

521 3109 649 3204 Capua.
681 3107 817 3202 Regalis
841 3107 951 3200 gloria
976 3107 1163 3198 majestatis
1188 3107 1312 3180 totiens
1334 3115 1451 3180 eterne
1476 3104 1700 3179 beatitudinis
1723 3104 1883 3180 meritum
1902 3111 1937 3175 01

521 3232 699 3326 regiminis
723 3231 922 3326 temporalis
948 3240 1174 3325 angmentum
1197 3232 1352 3304 noscitur
1373 3231 1541 3306 devocius
1568 3231 1748 3320 allectam,
1776 3228 1937 3323 quotiens

522 3355 746 3430 sacrosanctis
773 3353 926 3426 ecclesiis
946 3363 980 3427 et
1004 3355 1087 3428 loeis
1114 3355 1374 3428 venerabilibus
1398 3355 1579 3428 dexteram
1603 3375 1668 3426 sue
1694 3353 1861 3446 largitatis
1884 3354 1936 3424 ei·

523 3481 638 3552 tundit
655 3487 690 3552 01
708 3501 767 3551 aas
786 3499 871 3572 pace
893 3478 1013 3550 nititur
1033 3489 1068 3551 et
1093 3479 1212 3551 votiva
1232 3479 1478 3574 tranquillitate
1500 3479 1633 3552 vallari.
1660 3477 1744 3551 inde
1765 3487 1818 3550 est
1839 3475 1936 3572 quod

523 3626 603 3696 vos,
627 3605 745 3676 iratres
763 3603 941 3698 hospitalis
960 3605 1075 3678 Sancti
1093 3605 1227 3678 Thoma
1241 3605 1287 3678 de
1302 3605 1443 3696 Barolo,
1463 3604 1500 3676 in
1518 3603 1704 3698 majestatis
1721 3611 1836 3676 nostra
1858 3622 1936 3696 pro·

523 3728 633 3800 sentia
649 3727 842 3817 constituti,
864 3726 1064 3800 ostendistis
1080 3729 1181 3800 nobis
1203 3728 1427 3823 privilegium
1447 3727 1579 3800 domini
1601 3726 1778 3823 quondam
1799 3725 1936 3800 Henrioi

522 3851 628 3948 patris
648 3851 755 3923 nostri
778 3849 964 3922 felicissimi
980 3852 1208 3924 Romanorum
1226 3852 1453 3947 imperatoris,
1478 3875 1614 3949 semper
1631 3852 1770 3948 augusti
1789 3860 1824 3924 et
1846 3849 1936 3944 regis

522 3975 649 4067 Sicilia,
671 3973 1025 4064 diverecordationis‚
1041 3997 1102 4071 per
1117 3975 1212 4070 quod
1234 3975 1280 4050 ob
1298 3977 1527 4050 reverentiam
1548 3979 1650 4050 Beate
1676 3976 1737 4050 Dei
1761 3975 1937 4068 genitricis

522 4100 649 4188 liaris,
670 4099 833 4171 iratribus
860 4098 1040 4193 hospitalis
1067 4099 1357 4173 Tbeutonioornm
1388 4099 1491 4196 apud
1516 4101 1704 4174 Jerusalem
1737 4099 1774 4170 in
1808 4097 1937 4171 bonore

523 4224 632 4320 ipsius
651 4223 850 4296 beatissime
868 4223 1020 4316 Virginis
1038 4224 1238 4316 constructi,
1258 4245 1321 4320 pro
1338 4235 1556 4321 peccatorum
1576 4247 1717 4298 suoram
1737 4223 1937 4296 remissione

522 4359 558 4421 01
579 4369 641 4444 pro
666 4347 858 4420 animaene
880 4357 915 4419 et
934 4369 1076 4420 suornm
1097 4347 1253 4420 omnium
1276 4347 1559 4444 predecessorum
1580 4349 1713 4440 salute,
1738 4347 1883 4420 dederat
1903 4356 1937 4418 et

522 4471 785 4545 confirmaverat
807 4472 843 4544 in
867 4481 1072 4568 perpetuum
1095 4471 1333 4568 supradictum
1355 4471 1525 4568 hospitale
1549 4492 1630 4546 cnm
1652 4472 1798 4546 eeclesia
1821 4469 1935 4544 Sancti

522 4597 651 4670 Thome
670 4596 716 4669 de
733 4597 853 4670 Barolo
876 4605 911 4669 01
928 4596 1124 4670 tenimentis
1141 4596 1231 4691 suis,
1250 4605 1285 4672 et
1301 4595 1418 4671 eidem
1439 4599 1585 4672 ecclesie
1608 4597 1723 4672 Sancti
1748 4595 1878 4670 Tbomo
1901 4603 1937 4667 et
