4382 5946
549 549 610 612 290
1049 547 1262 611 Falnssatcl
1287 548 1460 610 sucuttut
1773 553 1853 631 [Anu.
1871 555 1960 618 1214.

633 683 724 756 (Edit
746 700 794 762 ap.
815 683 991 758 Munnron„
1010 680 1353 764 Scriptor.rer.1tclic.,
1373 687 1429 746 vlt.
1448 686 1530 748 Patr.
1545 685 1689 764 Aquilai„
1701 691 1774 748 tom.
1793 689 1884 770 xvi,
1901 691 1958 752 col.

674 790 1222 872 tot-102.-Memorat.quoqnoap.
1235 793 1365 866 Roneis,
1381 795 1508 854 nonen.
1520 789 1615 855 mas.
1627 790 1767 874 aquilej,
1784 812 1815 874 p.
1829 793 1912 878 665.)

600 951 800 1024 Fredericus
819 951 938 1026 divina
951 953 1089 1026 favente
1106 953 1286 1026 clementia
1305 953 1535 1028 Romanorum
1551 976 1628 1046 rex,
1640 975 1775 1050 semper
1792 965 1961 1050 augustus

550 1086 585 1148 et
602 1097 666 1148 rex
691 1075 816 1149 Sicilie.
837 1075 893 1150 Ad
921 1077 1041 1149 salutis
1072 1085 1187 1150 nostre
1208 1077 1400 1174 proiectum
1425 1087 1459 1151 et
1487 1079 1630 1152 Romani
1660 1079 1795 1175 imperii
1823 1082 1960 1153 exalta-

550 1201 675 1272 tionem
705 1201 875 1296 pertinere
893 1224 963 1274 non
990 1201 1210 1293 dubitamus,
1233 1203 1264 1276 si
1284 1203 1365 1296 jura
1383 1203 1606 1278 ecclesiarum
1635 1213 1669 1278 et
1695 1205 1902 1300 prelatorum
1926 1215 1959 1278 et

549 1327 701 1399 maxime
723 1349 843 1402 eorum
866 1350 1014 1424 quorum
1034 1328 1251 1403 devotionem
1279 1337 1314 1400 et
1338 1327 1443 1402 fidem
1467 1329 1608 1404 servitio
1633 1337 1749 1402 nostro
1767 1339 1957 1426 promptam

549 1461 583 1526 et
598 1461 752 1548 paratam
770 1453 980 1546 invenimus,
991 1453 1084 1548 regie
1096 1454 1286 1545 majestatis
1301 1453 1481 1528 clementia
1494 1475 1740 1528 conservamus
1756 1455 1865 1527 illesa.
1876 1453 1958 1528 lnde

548 1575 716 1673 estquod
742 1597 805 1650 nos
834 1575 1049 1650 attendentes
1077 1575 1183 1650 fidem
1208 1585 1243 1650 et
1267 1577 1487 1652 devotionem
1511 1587 1546 1652 ot
1566 1579 1733 1674 obsequia
1758 1579 1959 1674 multaque

548 1701 778 1796 Aquilejensis
800 1703 962 1791 ccclesia,
984 1711 1018 1773 et
1040 1701 1232 1797 specialiter
1256 1703 1417 1798 princeps
1441 1712 1557 1776 noster
1574 1702 1776 1776 Wolcberus
1803 1701 1956 1794 ejusdem

549 1826 692 1898 ecclesie
710 1825 901 1922 patriarcha
925 1825 1025 1898 nobis
1041 1835 1075 1899 et
1089 1825 1234 1922 imperio
1250 1827 1469 1902 laudabiliter
1487 1827 1660 1920 exhibuit,
1678 1837 1713 1900 ot
1729 1827 1764 1898 in
1784 1835 1955 1923 posterum

548 1952 621 2022 lleo
645 1949 833 2044 adjuvante
854 1950 1052 2044 exhibebit,
1075 1951 1240 2024 ducatum
1260 1960 1295 2026 et
1319 1953 1519 2026 comitatum
1538 1953 1701 2046 Forojulii
1723 1961 1759 2026 et
1777 1953 1895 2026 villam
1914 1951 1958 2025 de

550 2075 712 2149 Lucinico
721 2097 801 2148 oum
813 2076 975 2150 omnibns
987 2075 1033 2148 ad
1042 2075 1453 2151 ducatumetcomitatum
1464 2077 1728 2174 pertinentibus,
1737 2077 1883 2173 placitis,
1894 2079 1958 2150 col-

551 2201 659 2292 lectis,
671 2200 783 2294 lodm,
793 2203 1194 2298 sanguinolentogladio,
1207 2202 1478 2278 districtionibus
1487 2204 1658 2277 universis
1668 2212 1703 2276 et
1711 2203 1805 2277 omni
1816 2203 1958 2278 utilitate

550 2349 620 2424 que
639 2327 721 2401 inde
739 2328 832 2420 juste
859 2329 1040 2424 pervenire
1066 2328 1206 2425 poterit;
1228 2337 1383 2426 preterea
1406 2328 1535 2424 regalia
1558 2329 1674 2402 omnia
1697 2329 1955 2424 episcopatuum

550 2452 664 2545 Istrie,
690 2453 820 2526 scilicet
841 2453 1049 2548 Tergemini,
1070 2454 1367 2550 tustinopolitani‚
1393 2453 1663 2544 Parentinensis,
1687 2453 1904 2526 limoniensis
1923 2461 1956 2525 et

549 2577 731 2670 Pollensis;
749 2578 878 2672 regalia
891 2599 1033 2674 quoque
1045 2577 1307 2653 Concordiensis
1323 2585 1359 2652 et
1375 2578 1590 2652 Bebnnensis
1607 2577 1886 2674 episcopatuum,
1904 2598 1955 2650 re-

550 2702 639 2799 galia
658 2702 762 2776 etiam
778 2703 882 2776 trium
895 2703 1124 2796 abbatiarum,
1143 2703 1307 2776 videlicet
1317 2702 1363 2778 de
1380 2705 1499 2796 Sexto,
1513 2703 1559 2776 de
1571 2701 1649 2775 Pim
1662 2709 1697 2776 et
1714 2703 1837 2776 Sancte
1853 2702 1957 2776 biario

551 2829 586 2900 in
608 2827 761 2924 Organo,
788 2851 867 2902 cnm
894 2829 1066 2922 curtibus,
1090 2829 1256 2918 castellis,
1283 2827 1469 2924 portubus,
1495 2827 1604 2919 villis,
1626 2825 1773 2918 mansis,
1799 2827 1953 2900 venatio·

550 2955 667 3048 nibus,
687 2955 949 3052 piscationibus,
968 2954 1150 3046 tholoneis,
1168 2953 1316 3051 placitis,
1338 2953 1552 3038 nemoribus,
1573 2951 1793 3042 molendinis,
1810 2951 1951 3047 capulis,

551 3079 688 3175 pas'cuis
706 3087 741 3154 et
758 3079 920 3154 omnibns
937 3079 1027 3172 aliis,
1046 3089 1081 3154 et
1098 3087 1223 3154 terram
1241 3079 1329 3154 inter
1341 3079 1474 3152 Plavim
1492 3087 1527 3152 et
1543 3077 1758 3174 Liquentiam
1772 3079 1951 3169 jacentem,

549 3203 668 3278 villam
683 3203 799 3278 Sancti
813 3203 909 3278 Pauli
929 3212 962 3280 et
975 3205 1092 3278 Sancti
1106 3203 1257 3300 Georgii,
1273 3213 1309 3278 et
1322 3203 1440 3278 omnia
1453 3225 1524 3298 qne
1539 3211 1734 3277 antecessor
1747 3210 1863 3274 noster
1877 3199 1955 3274 dive

549 3329 716 3406 memorie
738 3327 914 3402 Conradns
939 3329 1124 3426 imperator
1145 3319 1359 3424 Aquilejensi
1383 3327 1527 3402 ecclesie
1550 3327 1681 3402 ibidem
1711 3327 1856 3408 contulit
1878 3345 1954 3397 cnm

549 3454 791 3552 appendentiis
810 3463 846 3528 et
867 3453 1095 3549 utilitatibus,
1115 3453 1226 3550 agris,
1245 3453 1370 3549 pratis,
1396 3452 1543 3549 campis,
1564 3451 1721 3548 pascuis,
1741 3451 1840 3522 terris
1858 3447 1957 3522 cultis

548 3589 583 3653 et
610 3578 767 3672 incultis,
787 3577 1013 3672 molendinis,
1040 3577 1164 3673 aquis,
1185 3597 1425 3672 aquarumque
1451 3575 1674 3664 decursibus,
1698 3573 1950 3658 venationibus,

548 3703 809 3801 piscationibus,
828 3701 981 3775 exitibus
998 3709 1033 3774 et
1050 3699 1258 3791 redditibus,
1275 3701 1474 3774 nemoribus
1490 3709 1526 3774 et
1539 3700 1617 3772 aliis
1633 3697 1788 3792 juribus;
1808 3705 1953 3769 castrum

549 3849 688 3925 qnoque
717 3826 763 3902 de
786 3828 918 3898 Treven
944 3847 1024 3898 cnm
1047 3825 1208 3898 omnibus
1232 3825 1307 3897 suis
1327 3823 1556 3920 pertinentiis,
1582 3821 1881 3909 ministerialibus,
1905 3819 1952 3890 la·

549 3955 668 4047 mulis,
689 3952 789 4027 terris
810 3950 911 4024 cultis
932 3959 967 4022 et
984 3950 1140 4040 incultis,
1168 3949 1312 4046 plantis,
1332 3947 1533 4022 nemoribus
1549 3957 1585 4022 et
1601 3947 1696 4020 omni
1716 3947 1795 4040 J'ure
1812 3945 1849 4016 in
1873 3943 1952 4016 intc
2000 3927 2003 3938 ’

549 4103 667 4176 grum,
695 4075 888 4153 secundum
913 4073 1008 4170 quod
1031 4073 1212 4147 Uldaricns
1235 4071 1413 4168 quondam
1441 4069 1635 4168 patriarcba
1659 4090 1729 4143 una
1758 4089 1840 4140 cum
1865 4073 1954 4161 patra

548 4226 613 4278 suo
631 4204 756 4277 comite
777 4199 968 4275 Woldrado
989 4208 1024 4271 et
1045 4208 1153 4272 matre
1176 4220 1239 4271 sua
1258 4196 1472 4292 Aquilejensi
1493 4195 1637 4270 ecclesie
1663 4191 1897 4282 contradedit,
1923 4197 1954 4260 et

549 4338 698 4403 castrum
717 4327 763 4401 de
783 4325 941 4422 Attemps
963 4345 1043 4397 cum
1060 4321 1223 4396 omnibus
1240 4320 1315 4393 suis
1332 4319 1563 4416 pertinentiis,
1584 4315 1883 4406 ministerialibus,
1904 4315 1954 4385 la·

550 4453 666 4544 mulis,
686 4451 827 4544 mansis,
846 4449 952 4542 villis,
970 4447 1171 4522 nemoribus
1185 4455 1219 4518 et
1232 4443 1327 4518 omni
1341 4445 1433 4538 jure,
1453 4452 1488 4517 et
1502 4443 1662 4541 predium
1676 4439 1720 4514 de
1735 4438 1859 4534 ligeris
1878 4459 1953 4511 cum

551 4575 833 4650 ministerialibus
853 4583 887 4647 et
912 4573 1066 4665 famulis,
1087 4569 1280 4645 secundnm
1298 4567 1393 4664 quod
1414 4567 1539 4641 nobilis
1560 4567 1615 4640 vir
1630 4565 1764 4639 Ulricus
1782 4561 1952 4658 qnondam

551 4703 704 4778 marchio
715 4701 838 4776 Tuscie
853 4697 1063 4795 Aquilejensi
1080 4697 1256 4793 quondam
1270 4693 1414 4770 contulit
1426 4693 1586 4786 ecclesie,
1600 4692 1742 4788 insuper
1756 4685 1955 4775 blanchiam,
