4378 5954
544 540 601 602 150
1041 535 1256 602 Falbaalcl
1280 539 1453 604 saccant
1701 487 1705 494 ι
1766 543 1846 622 [Asa.
1866 543 1951 608 teos

533 672 678 768 ‚cipatus
703 669 832 765 Capuc.
864 668 935 742 Etsi
964 667 1087 744 deceat
1108 681 1223 748 nostre
1252 673 1468 752 celsitudinis
1495 679 1708 772 majestatem
1739 677 1953 772 singulorum

543 795 664 870 merita
679 794 739 891 pia
758 792 1032 868 consideratione
1051 817 1196 891 pensare
1213 809 1247 872 et
1258 800 1360 894 iustis
1377 800 1500 874 adesse
1515 801 1804 897 postulationibus
1816 803 1953 896 subjee-

543 931 669 1008 terum,
680 940 723 992 eo
733 927 845 992 amen
861 919 976 1013 potius
989 918 1036 991 ad
1049 931 1280 998 sacrosanctas
1295 925 1457 998 ecclesias
1471 934 1506 998 et
1521 926 1597 1000 loca
1610 925 1821 1002 venerabilia
1835 929 1953 1002 oculos

544 1041 711 1116 debemus
732 1040 900 1116 reducere
916 1042 1052 1138 pietatis
1067 1066 1139 1138 quo
1153 1047 1265 1140 magis
1282 1047 1461 1142 regiminis
1478 1049 1586 1121 nostri
1603 1047 1748 1122 tbmuus
1760 1051 1948 1140 extollitur,

543 1189 624 1241 curn
643 1165 717 1261 regi
734 1187 856 1258 regum
872 1166 1038 1240 solvimus
1052 1168 1149 1262 quod
1167 1169 1335 1244 debemus
1351 1180 1387 1246 et
1403 1181 1518 1247 nostra
1532 1171 1727 1246 devotionis
1741 1173 1901 1247 affectum
1918 1174 1950 1248 ei

542 1315 605 1390 per
627 1292 785 1365 ellectum
809 1291 923 1386 operis
945 1291 1162 1367 dedicamus.
1190 1292 1413 1370 Attendentes
1436 1297 1552 1391 itaque
1570 1297 1739 1370 terrorem
1758 1296 1951 1371 devotionis

544 1425 579 1493 et
602 1415 684 1488 fidei
709 1436 813 1510 quam
836 1422 893 1506 tu,
915 1415 1114 1508 Benedicta,
1132 1419 1339 1492 venerabilis
1359 1420 1452 1514 prior
1473 1421 1596 1492 Sancte
1615 1420 1722 1494 Maris
1748 1419 1794 1494 da
1816 1417 1950 1494 Gualdo

545 1541 641 1636 quod
655 1547 708 1612 est
725 1541 761 1611 in
781 1539 977 1612 tenimentis
991 1539 1126 1632 Falani,
1142 1539 1256 1614 fidelis
1273 1553 1401 1634 noster,
1417 1564 1501 1636 erga
1517 1553 1668 1618 noscam
1684 1543 1811 1618 babere
1830 1544 1951 1618 dinos-

544 1666 632 1740 earis
645 1667 877 1758 majestatem,
894 1663 1152 1738 considerantes
1165 1665 1268 1738 etiam
1280 1676 1377 1762 grate
1388 1667 1562 1762 religionis
1573 1667 1730 1742 habitum
1742 1675 1778 1742 at
1791 1669 1952 1742 sedulum

545 1789 751 1885 obsequium
773 1787 868 1883 quod
892 1787 929 1859 in
952 1787 1027 1884 ipso
1048 1789 1255 1862 monasterio
1275 1790 1476 1885 quotidiana
1495 1790 1690 1865 devotionis
1705 1791 1868 1866 instantia
1884 1795 1951 1866 llo·

545 1915 640 1988 mino
657 1912 858 2003 exhibetur,
890 1931 1038 2006 superne
1062 1911 1297 1986 retributionis
1320 1913 1462 1986 obtentu
1487 1921 1522 1988 et
1544 1934 1606 2009 pro
1635 1923 1750 1986 nostre
1773 1915 1894 1986 salutis
1918 1925 1953 1988 ct

542 2039 653 2132 glorie
679 2038 891 2110 incremento
915 2045 950 2109 et
973 2036 1126 2110 remedio
1149 2037 1342 2110 animarum
1360 2037 1537 2132 quondam
1560 2047 1741 2134 parantum
1759 2047 1951 2112 nostrorum

544 2163 653 2238 lelicis
665 2161 847 2252 memorie,
864 2160 910 2234 de
923 2160 1020 2234 solita
1036 2161 1170 2256 pietatis
1184 2169 1298 2236 nostro
1312 2161 1423 2254 gratia
1435 2161 1503 2235 tuis
1518 2169 1552 2236 et
1564 2162 1708 2236 fratrum
1721 2171 1858 2235 tuorum
1871 2183 1952 2236 cou-

543 2299 671 2366 ventus
678 2285 834 2382 ejusdem
843 2285 1041 2358 monasterii
1053 2283 1208 2359 fidelium
1221 2295 1414 2360 nostrorum
1423 2286 1733 2382 supplicationibus
1744 2296 1949 2379 annuentes,

542 2419 658 2512 ipsum
676 2411 920 2486 monasterium
938 2411 1062 2484 Sancte
1078 2411 1185 2484 Maris
1203 2433 1281 2484 cnm
1297 2412 1503 2487 monastario
1519 2411 1634 2486 Sancti
1652 2411 1779 2486 Mathei
1794 2411 1841 2486 de
1852 2415 1952 2486 Scul-

543 2539 623 2611 cula
649 2557 730 2610 eum
754 2533 933 2620 iratribus,
953 2531 1171 2626 hominibus,
1190 2534 1398 2608 obedientiis
1421 2545 1457 2608 et
1481 2535 1642 2609 omnibus
1664 2534 1765 2608 bonis
1786 2537 1859 2609 suis
1885 2537 1953 2610 sub

544 2671 661 2736 nostra
678 2657 890 2756 protectione
911 2666 945 2730 ct
968 2657 1167 2732 defensione
1184 2658 1413 2755 suscipimus,
1436 2657 1664 2732 concedentes
1684 2659 1748 2732 tibi
1770 2668 1805 2734 et
1821 2659 1952 2734 eisdem

542 2784 762 2860 monasteriis
783 2791 888 2876 atque
912 2781 1173 2876 inperpetuum
1195 2765 1436 2856 confirmantes
1457 2783 1573 2856 omnia
1594 2804 1664 2878 que
1685 2804 1747 2880 per
1770 2784 1953 2880 privilegia

545 2911 826 3010 predecessorum
844 2913 1038 2979 nostrorum
1061 2905 1170 2978 felicis
1185 2906 1349 2980 memoria
1365 2905 1440 3002 ipsa
1455 2907 1661 2981 monasteria
1676 2907 1852 3004 possidere
1868 2929 1953 2980 noe

540 3045 683 3126 cuntur,
695 3053 828 3104 necnon
838 3029 1008 3121 homines,
1020 3027 1247 3120 obedientias,
1257 3030 1443 3120 libertates,
1456 3031 1702 3127 possessiones,
1715 3031 1952 3106 concessiones

543 3169 581 3233 et
598 3157 714 3233 omnia
732 3155 915 3228 tenimenta
933 3173 1003 3246 que
1019 3153 1095 3248 ipsa
1111 3153 1318 3227 monasteria
1337 3162 1408 3228 tam
1426 3151 1518 3227 douo
1540 3163 1575 3228 at
1594 3154 1817 3228 concessione
1832 3156 1953 3251 ponti-

545 3283 670 3374 licum,
690 3278 870 3374 largitione
883 3276 1048 3350 comitum
1061 3278 1118 3352 vel
1135 3277 1305 3350 baronum
1321 3286 1356 3352 et
1369 3278 1515 3350 aliomm
1530 3277 1703 3354 oblatione
1718 3275 1874 3352 fidolium
1891 3301 1953 3354 scu

420 3396 427 3410 ’
526 3405 718 3501 emptione
735 3423 841 3497 quam
862 3398 1005 3474 aliunde
1027 3399 1065 3473 iu
1090 3400 1339 3496 presentiarum
1356 3404 1449 3495 juste
1463 3410 1498 3475 et
1515 3401 1760 3477 rationabiliter
1778 3401 1954 3498 possident

546 3539 607 3604 aut
623 3529 660 3601 in
675 3528 828 3600 iuturum
842 3529 936 3619 justo
954 3525 1066 3614 titulo,
1082 3533 1257 3620 prestante
1272 3525 1430 3616 Domino,
1448 3533 1609 3621 poterunt
1618 3523 1778 3621 adipisci.
1787 3527 1954 3600 Volumus

547 3659 735 3746 quoquest
750 3649 915 3748 predictis
932 3648 1147 3722 monasteriis
1165 3648 1387 3744 indulgemus
1401 3657 1440 3721 ut
1453 3649 1586 3744 quique
1602 3669 1662 3745 per
1678 3658 1784 3722 terras
1802 3649 1954 3724 demanii

545 3775 654 3848 nostri
671 3771 780 3846 libera
793 3793 922 3868 pascua
934 3771 1085 3844 habeant
1099 3771 1305 3844 animalibus
1322 3771 1409 3864 suis,
1420 3771 1527 3846 libere
1540 3772 1643 3846 etiam
1657 3783 1692 3846 at
1705 3773 1823 3868 quiete
1838 3773 1896 3847 die
1912 3795 1954 3848 ac

526 3907 647 3972 ‚nocte
668 3917 732 3992 par
758 3897 833 3970 loca
861 3895 938 3992 ipsa
964 3893 1161 3968 consistant.
1189 3893 1417 3970 concedimus
1445 3895 1549 3970 etiam
1572 3895 1657 3993 ipsis
1684 3896 1899 3971 monasteriis
1920 3904 1956 3969 at

548 4021 698 4122 prasenti
716 4019 845 4117 pagina
868 4026 984 4093 nostra
1002 4019 1175 4093 sancimus
1192 4029 1232 4092 ut
1248 4021 1364 4093 nullas
1380 4019 1545 4094 comitum
1557 4021 1615 4094 vel
1629 4021 1817 4112 baronum,
1837 4021 1954 4094 nullus

541 4145 805 4245 justitiariorum
816 4145 874 4219 vel
883 4144 1078 4238 bajulorum
1090 4153 1281 4219 nostrorum
1296 4145 1386 4218 iufra
1397 4153 1493 4239 septa
1503 4144 1657 4241 ipsorum
1671 4146 1953 4219 monasteriorum

546 4274 697 4368 aliquam
714 4269 913 4345 violentiam
934 4269 991 4343 val
1008 4269 1174 4343 insultum
1193 4268 1295 4344 iaciat
1312 4290 1373 4342 seu
1394 4269 1551 4366 rapinas,
1569 4277 1633 4342 aut
1652 4291 1694 4344 ca
1717 4291 1789 4366 qua
1807 4271 1843 4343 in
1869 4269 1954 4366 ipsis

546 4395 760 4472 monasteriis
777 4394 904 4468 luerint
920 4393 1088 4490 deposita,
1103 4391 1293 4467 dnmmodo
1311 4413 1381 4467 non
1399 4393 1528 4468 fuerint
1543 4392 1761 4470 inimicorum
1779 4403 1813 4468 et
1829 4393 1954 4491 predi-

546 4533 659 4596 torum
673 4531 881 4614 nostrorum,
897 4519 1064 4594 invadere
1080 4518 1138 4594 vel
1150 4518 1292 4616 deipsis
1306 4519 1522 4594 monasteriis
1535 4519 1671 4594 auterre
1687 4529 1874 4616 presumat,
1891 4541 1954 4593 sau

547 4645 752 4734 monasteria
765 4645 842 4743 ipsa
856 4645 914 4720 rel
931 4644 1087 4719 homines
1101 4665 1182 4718 sues
1194 4643 1371 4741 aliquibus
1386 4643 1549 4720 indebitis
1564 4643 1804 4720 exactionibus
1818 4643 1874 4719 vel
1896 4643 1953 4717 in-
