4334 5980
234 536 331 598 lsnttr.
349 535 391 614 l.]
679 536 877 600 HISTORIA
899 535 1190 604 utrtottattca
1586 538 1646 600 237

233 671 333 743 aliter
348 669 584 767 temptaverit,
602 672 685 767 quia
703 683 852 748 nostram
872 675 1084 772 imperialem
1103 673 1381 750 constitutionem
1400 673 1508 748 violat
1530 683 1565 748 et
1586 675 1642 746 iu·

234 794 353 889 fringit
370 815 436 868 nec
450 793 653 887 advocatus,
672 797 736 870 sed
750 799 865 893 potius
877 800 1102 872 calumniator
1122 807 1157 872 et
1173 817 1336 894 pervasor
1345 793 1421 892 (cic)
1439 798 1553 889 luerit,
1568 819 1642 871 orn·

233 918 317 992 nino
333 927 536 1015 potestatem
556 919 683 994 habeat
705 921 815 996 abbas
834 945 914 996 cum
931 925 1074 999 consilio
1092 926 1235 996 fratrum
1253 923 1347 996 huuc
1364 923 1503 1018 penitus
1523 945 1642 1020 repro·

234 1041 479 1116 bareetalium
488 1044 922 1142 regiaadjutuspotestate,
934 1049 1072 1121 sialiter
1084 1047 1157 1121 lieri
1169 1047 1460 1142 uonpcterit,sibi
1473 1047 1642 1122 utiliorem

234 1165 478 1262 undecumque
503 1168 643 1262 eligere.
668 1167 769 1255 Quod
798 1172 827 1244 si
855 1171 933 1262 ille,
960 1171 1055 1266 qnod
1081 1171 1189 1259 absit,
1218 1172 1426 1266 depravatus
1454 1173 1642 1268 aliquando

235 1289 337 1362 luerit
347 1299 382 1363 et
393 1291 668 1366 commissionem
686 1293 733 1368 ad
748 1296 929 1370 utilitatem
942 1296 1087 1369 ecclesie
1103 1317 1171 1369 uon
1188 1293 1399 1386 custodierit,
1411 1293 1511 1368 liceat
1525 1295 1640 1370 abbati

232 1434 367 1508 semper
390 1414 547 1488 inutilem
572 1437 749 1492 removere
777 1429 812 1494 et
839 1420 947 1493 alium
972 1419 1039 1492 sibi
1064 1419 1236 1493 utiliorem
1262 1417 1482 1492 substituere.
1511 1419 1639 1493 Conce-

233 1537 502 1633 dimusquoque
516 1539 726 1614 abbaticum
741 1544 885 1618 coneilio
898 1545 1039 1616 fratrum
1050 1543 1097 1616 ad
1110 1543 1288 1616 utilitatem
1304 1543 1499 1614 monasterii
1511 1563 1637 1635 emere,

232 1663 397 1756 rendere,
418 1665 569 1738 mutuari
587 1665 664 1740 loca
681 1669 877 1741 monasterii
890 1669 993 1763 longe
1010 1667 1181 1759 disJuncta
1196 1675 1232 1738 ct
1249 1675 1378 1740 remota
1395 1686 1417 1738 a
1435 1668 1639 1740 monastario

232 1785 365 1884 absque
387 1788 658 1864 contradictione
674 1789 847 1885 advocati,
871 1803 907 1866 et
924 1813 966 1865 ea
984 1789 1202 1864 ostendenda
1220 1789 1431 1864 committere
1447 1791 1556 1864 alteri.
1574 1793 1638 1866 bli-

231 1912 349 1985 litibus
377 1914 481 1988 etiam
503 1913 580 1988 sire
607 1915 772 1990 ministris
798 1926 832 1990 et
858 1915 987 1990 lamilie
1013 1913 1207 1987 sanctuaria
1232 1913 1389 1988 eumdem
1417 1915 1638 1990 concedimus

230 2037 343 2130 legem
359 2059 465 2132 qnam
486 2049 598 2112 cetere
616 2039 725 2114 libere
742 2041 881 2114 abbatie
898 2063 969 2135 que
985 2037 1305 2136 secuudum‚l)aum
1325 2037 1525 2132 diligentiae
1545 2041 1638 2114 ordi·

230 2171 310 2236 nate
326 2173 427 2254 sunt,
447 2163 595 2256 habent,
616 2173 655 2236 ut
681 2173 775 2238 tanto
801 2163 972 2238 fideliores
998 2174 1033 2238 et
1057 2161 1280 2256 subjectiores
1302 2160 1418 2234 abbati
1447 2173 1482 2235 et
1499 2165 1637 2258 prelatis

230 2286 304 2360 suis
330 2308 392 2382 per
418 2288 533 2362 omnia
560 2288 724 2362 serviant.
752 2289 788 2360 Si
817 2299 931 2364 autem
958 2289 1083 2384 aliquis
1105 2307 1152 2362 ex
1180 2287 1231 2360 eis
1253 2285 1390 2360 rebellis
1410 2297 1445 2360 et
1465 2288 1519 2360 ani
1548 2290 1637 2382 juris

228 2411 433 2485 inobediens
450 2411 554 2486 inerit
575 2421 611 2484 et
634 2433 698 2508 per
715 2412 865 2508 spatium
888 2433 953 2486 nec
975 2433 1035 2508 per
1055 2411 1237 2484 consilium
1255 2431 1369 2506 neque
1385 2433 1448 2507 per
1469 2415 1635 2487 ammoni·

229 2536 358 2610 donem
371 2557 513 2610 suornm
534 2535 754 2610 dominorum
768 2559 833 2610 nec
853 2531 915 2633 pcr'
932 2538 987 2610 sui
1005 2536 1233 2610 consimilium
1253 2537 1452 2631 resipiscere
1470 2539 1634 2631 voluerit,

228 2661 258 2734 si
284 2671 368 2734 tunc
391 2660 501 2734 abbas
519 2660 747 2753 iudicaverit,
772 2659 996 2734 hereditatem
1021 2681 1120 2734 suam
1145 2660 1289 2732 amittat.
1309 2661 1477 2734 Volumus
1498 2683 1638 2760 quoque

228 2796 267 2860 ut
289 2785 581 2882 quandocumque
604 2787 726 2860 iratres
743 2787 939 2860 monamerii
962 2795 1057 2882 patre
1078 2783 1248 2881 spirituali
1272 2783 1383 2857 orbati
1404 2785 1548 2875 luerim,
1570 2788 1636 2884 ipsi

227 2910 378 2984 habeant
403 2909 546 2984 liberam
573 2919 775 3008 potestatem
804 2907 996 2984 morandum
1022 2911 1178 3004 regulam
1207 2907 1315 2981 sancti
1346 2907 1522 2983 Benedicti
1547 2911 1638 2985 inter

227 3055 266 3108 ae
286 3035 341 3108 vel
363 3034 608 3131 undecumque
628 3035 659 3109 si
681 3054 771 3130 opus
792 3034 894 3108 luerit
914 3055 983 3108 nou
1009 3034 1120 3108 solum
1143 3033 1312 3128 eligendi,
1333 3032 1396 3106 sed
1422 3035 1524 3107 etiam
1543 3057 1635 3109 con-

227 3156 405 3232 stituendi.
426 3160 494 3245 Qui
512 3160 542 3232 si
556 3161 655 3250 torta,
670 3159 767 3254 quod
785 3159 888 3250 absit,
906 3159 1095 3231 libertatem
1110 3156 1306 3230 monasterii
1321 3167 1528 3253 pervertere,
1547 3161 1635 3233 sibi·

228 3303 299 3378 que
322 3283 437 3356 locum
456 3295 615 3358 smctum
637 3285 807 3359 violenter
831 3283 1001 3377 subjicere
1018 3281 1290 3376 attemptaverit,
1308 3303 1392 3354 mox
1415 3283 1536 3356 iratres
1553 3306 1632 3358 cum

226 3405 391 3502 suffragio
414 3407 679 3484 constantiensis
702 3408 855 3505 episcopi
879 3416 914 3482 et
941 3407 1177 3502 religiosorum
1198 3405 1362 3478 abbatum
1380 3427 1513 3480 necnon
1541 3419 1632 3483 cete·

226 3551 342 3605 rorum
371 3530 494 3604 Christi
521 3530 677 3606 fidelium
705 3532 911 3606 incircuitu
942 3532 1153 3606 manentium
1180 3530 1273 3602 hunc
1301 3539 1499 3604 accusatum
1523 3533 1636 3625 iuste·

226 3675 295 3750 que
308 3655 355 3728 ab
371 3653 422 3730 eis
435 3656 646 3746 convictum,
665 3655 733 3728 nisi
750 3656 995 3730 rationabiliter
1012 3654 1198 3729 emendare
1214 3655 1374 3747 voluerit,
1394 3654 1561 3749 dignitate
1572 3681 1635 3733 sua

225 3778 406 3872 abjiciant,
427 3779 604 3876 aliumque
626 3781 729 3873 juxta
747 3779 936 3876 predictam
962 3777 1153 3853 libertatem
1178 3787 1213 3852 et
1236 3779 1343 3852 sancti
1369 3781 1546 3856 Benedicti
1574 3807 1637 3858 re·

225 3903 343 3996 gulam
371 3904 491 3977 tratres
520 3905 588 3978 sibi
615 3904 745 3999 eligant
773 3915 808 3978 et
834 3905 967 3999 absque
994 3904 1088 3978 omni
1119 3903 1390 3977 contradictione
1411 3905 1632 3981 substituant.

224 4025 381 4121 Denique
397 4028 568 4102 intimavit
590 4027 690 4101 nobis
708 4028 885 4124 predictus
902 4039 1001 4124 pater
1018 4028 1199 4100 heinricus
1226 4027 1389 4124 rescripta
1415 4029 1563 4102 Heinrici
1590 4034 1635 4104 lV

224 4149 454 4224 Romanorum
472 4153 576 4246 regis,
596 4151 821 4225 monstrando
837 4151 1051 4248 sepedictum
1072 4152 1316 4226 monasterinm
1334 4173 1355 4224 a
1373 4151 1552 4225 Chonrado
1571 4175 1633 4227 no·

224 4273 285 4346 bili
303 4275 380 4348 viro
403 4275 448 4348 de
468 4277 694 4350 Sallenburon
712 4274 900 4350 honorilice
921 4283 1153 4350 constructum
1169 4297 1262 4366 esse,
1283 4284 1318 4348 et
1339 4274 1444 4346 totius
1466 4275 1633 4350 libertatis

221 4397 299 4490 jure
323 4407 358 4472 et
380 4399 561 4495 privilegio
587 4421 667 4474 enm
689 4398 917 4496 amplificasse
942 4410 976 4472 et
996 4400 1042 4473 ob
1063 4398 1160 4494 regni
1184 4396 1318 4471 celestis
1349 4396 1572 4471 hereditatem
1595 4401 1631 4472 in
1691 4489 1698 4500 .

224 4520 354 4596 Christo
376 4524 585 4600 omnimodis
601 4525 768 4599 stabiliter
790 4533 826 4598 et
850 4523 991 4598 tirmiter
1009 4523 1231 4614 sublimasse,
1252 4541 1384 4594 necnon
1398 4521 1492 4594 omni
1509 4533 1632 4618 putea-

225 4655 307 4738 tate,
318 4648 473 4744 servitio,
483 4649 576 4745 jure,
591 4650 811 4748 proprietate,
823 4671 903 4724 cum
915 4647 1076 4722 omnibus
1080 4645 1229 4740 justiciis
1241 4645 1401 4740 legitimis
1411 4653 1445 4718 et
1457 4647 1633 4743 pertinen-
