4334 5980
267 562 369 625 lsnrtn.
392 556 431 643 l.]
720 560 917 624 lllS'l'OlilA
942 562 1236 628 urruouamca

537 905 1441 922 --nau-—n--n——m-——n--n--m-——a---nn--n

316 1237 538 1322 Constantia
563 1235 696 1347 regina
723 1233 891 1342 Siciliae,
915 1261 994 1319 una
1020 1261 1108 1320 cum
1139 1234 1218 1317 filio
1245 1259 1315 1318 suo
1344 1233 1525 1340 Henriee,
1549 1232 1678 1316 Heliae
1729 1262 1850 1369 mg·

262 1370 532 1457 Panormitano
559 1369 742 1453 canonico
767 1369 939 1452 coneedit
969 1378 1012 1452 ut
1044 1394 1184 1480 aquam
1212 1394 1310 1479 quae
1338 1367 1459 1451 oritur
1489 1367 1529 1449 in
1562 1392 1677 1450 eavea

265 1505 472 1616 Ayuscindi
491 1504 649 1615 accipiat
666 1501 748 1614 ejus
766 1502 991 1586 utilitatibus
1008 1502 1267 1614 profuturam,
1284 1500 1398 1585 salvis
1415 1501 1557 1586 tarenis
1573 1527 1677 1612 qua-

263 1651 349 1723 tuor
366 1638 491 1750 regiae
509 1639 684 1721 dohanas
703 1636 900 1721 annuatim
919 1636 968 1720 ab
981 1637 1064 1747 ipso
1082 1635 1359 1746 persolvendis.-

262 1887 266 1896 '
338 1881 457 1954 (lldldlt
476 1883 678 1944 normano
692 1899 727 1942 nr
739 1881 936 1956 annnnun,
953 1877 1083 1963 Catalop.
1105 1881 1217 1963 raptos.
1233 1877 1280 1941 det·
1292 1877 1413 1960 diplomi
1424 1878 1498 1942 aaut.
1514 1878 1565 1940 nel
1581 1877 1669 1942 anet

375 1987 452 2050 dello
469 1986 595 2050 muso.
612 1986 645 2050 di
656 1985 802 2061 Palu-mo,
814 2007 846 2068 p.
863 1999 917 2064 55,
932 2006 970 2050 ex
989 1985 1104 2070 rcaffale
1114 1988 1175 2062 xl,
1190 1987 1224 2049 n·
1240 1996 1289 2049 ta.
1306 1989 1388 2050 llaec
1407 1987 1510 2050 charta
1526 1987 1670 2050 mamona

375 2095 487 2157 lnedlta
501 2095 584 2157 dent
595 2098 628 2157 ln
640 2095 793 2158 tabularlis
806 2095 892 2157 MSS.
902 2095 999 2156 Amlcl
1012 2101 1043 2156 et
1055 2094 1200 2170 Seblavt)

305 2308 500 2382 Constantia
514 2309 576 2382 Dei
589 2309 699 2404 gratia
712 2309 831 2403 regina
846 2309 974 2400 Sicilie,
987 2309 1135 2383 ducatus
1145 2307 1271 2406 Apulia
1284 2317 1319 2382 et
1331 2309 1543 2406 principatus
1554 2309 1668 2404 Capne

257 2455 329 2506 nna
348 2457 426 2508 cunr
446 2433 627 2508 karissimo
647 2433 716 2506 lilio
734 2455 798 2507 sue
818 2435 964 2506 llenrioo
985 2435 1108 2508 illustri
1126 2456 1207 2528 rege
1226 2434 1353 2506 Sicilie.
1376 2435 1469 2506 licet
1484 2455 1531 2506 ex
1549 2433 1667 2507 debito

254 2558 407 2655 suscepti
429 2559 608 2652 regiminis
628 2558 818 2632 debeamus
839 2558 1070 2652 subjectorum
1097 2568 1290 2632 nostrorum
1317 2557 1522 2630 utilitatibus
1545 2561 1667 2654 pruvi-

255 2679 355 2776 dere,
376 2682 427 2756 cis
448 2693 562 2756 umen
588 2682 810 2756 favorabilius
830 2683 1063 2758 exauditionis
1079 2683 1224 2778 gratiam
1242 2683 1451 2756 exhibemus
1469 2683 1531 2778 qui
1546 2703 1593 2756 ex
1612 2684 1665 2756 al-

253 2807 345 2880 lectn
361 2807 494 2882 sineere
510 2807 592 2882 fidei
606 2808 761 2904 ipsorum
779 2807 1081 2882 commoditatibus
1098 2817 1214 2883 nostra
1234 2807 1415 2882 commoda
1437 2816 1661 2902 anteponunt.

253 2931 339 3006 lnde
354 2943 406 3005 est
422 2933 518 3028 quod
531 2955 612 3006 enm
633 2933 797 3028 magister
813 2933 928 3006 Helias
946 2933 1207 3006 Panormitanus
1231 2932 1436 3020 canonicus,
1457 2931 1605 3005 dilectus
1628 2943 1662 3006 et

252 3053 365 3128 tidelis
384 3066 511 3148 noster,
538 3057 707 3151 majestati
727 3066 843 3131 nostre
868 3057 1032 3132 attentius
1055 3057 1264 3152 supplicaret
1279 3065 1318 3128 nt
1338 3055 1606 3130 concederemus
1628 3061 1661 3132 ei

252 3201 391 3253 cursum
413 3181 506 3254 illins
524 3203 616 3278 aque
635 3204 706 3277 que
729 3183 838 3256 oritur
858 3205 905 3256 cx
929 3183 1027 3256 trollo
1049 3182 1203 3276 quodam
1227 3181 1263 3253 in
1282 3202 1390 3254 cavea
1411 3179 1604 3277 bynscindi
1629 3169 1688 3255 et¹

252 3305 334 3378 olim
354 3305 400 3379 ad
419 3305 602 3379 Castellum
631 3307 735 3380 liaris
756 3327 893 3380 currere
917 3307 1118 3398 consuevit;
1149 3305 1195 3378 de
1214 3326 1284 3400 qna
1309 3327 1389 3377 cum
1414 3307 1510 3380 nulla
1535 3307 1664 3380 utilitas

252 3441 366 3504 nostre
384 3433 480 3504 curie
496 3432 703 3528 proveniret,
720 3431 814 3506 idem
832 3431 997 3528 magister
1011 3431 1126 3504 Helias
1143 3441 1292 3527 quatuor
1313 3441 1449 3504 uranos
1470 3431 1570 3502 annis
1588 3431 1662 3504 sin·

251 3555 342 3649 gulis
360 3555 472 3630 doane
486 3566 601 3630 nostre
620 3558 704 3632 dare
722 3557 893 3654 promisit;
917 3579 981 3631 nos
1001 3557 1092 3628 circa
1113 3555 1195 3628 fidei
1214 3577 1277 3628 sue
1292 3554 1452 3627 meritum
1470 3555 1662 3650 benignum

250 3676 416 3752 babentes
438 3691 649 3775 respectum,
673 3679 718 3755 de
735 3691 900 3754 consueta
924 3679 1157 3754 munificentie
1173 3689 1292 3753 nostre
1310 3679 1420 3772 gratia
1437 3681 1512 3773 ejus
1530 3681 1664 3777 suppli·

251 3801 442 3876 sationibus
469 3815 676 3896 annuentes,
703 3805 927 3878 concedimus
949 3805 981 3879 ci
1007 3815 1046 3878 ut
1070 3805 1259 3902 predictam
1278 3827 1404 3900 aquam
1428 3826 1498 3899 que
1517 3805 1554 3876 in
1579 3827 1664 3901 pre·

251 3923 343 3998 dicto
362 3928 462 4000 trollo
484 3951 592 4002 cavae
606 3927 797 4025 Aynscindi
813 3930 965 4003 nascitur
978 3939 1013 4004 et
1028 3931 1075 4006 ad
1090 3929 1274 4004 Castellum
1291 3927 1396 4002 Maris
1415 3929 1498 4002 olim
1516 3930 1659 4022 fluebat,

249 4047 355 4122 libere
372 4060 406 4124 et
426 4051 560 4148 absque
577 4055 733 4130 molestia
750 4055 897 4150 alicujus
912 4055 1059 4152 accipiat
1076 4056 1149 4129 suis
1166 4055 1372 4128 utilitatibus
1388 4063 1421 4128 et
1439 4055 1562 4127 usibus
1578 4075 1660 4150 pro-

248 4173 417 4268 loturam,
440 4178 543 4252 salvis
561 4181 688 4254 tarenis
705 4190 853 4276 quatuor
873 4179 986 4255 doane
1005 4192 1121 4253 nostre
1137 4181 1237 4253 annis
1255 4179 1403 4272 singulis
1420 4177 1565 4276 perinde
1582 4199 1660 4274 per·

247 4297 441 4393 solvendis;
459 4302 508 4376 ita
526 4313 640 4378 tamen
655 4315 694 4378 nt
711 4305 741 4378 si
759 4307 845 4380 forte
860 4306 978 4401 aliquo
991 4313 1145 4402 tempore
1161 4305 1272 4402 ipsam
1290 4326 1416 4400 aquam
1432 4304 1528 4377 curia
1542 4313 1659 4378 nostra

246 4423 351 4495 vellet
369 4423 415 4496 ad
433 4426 571 4500 solitum
590 4451 730 4502 cursum
748 4451 811 4526 pro
827 4431 902 4526 ipso
920 4431 1063 4503 Castello
1081 4429 1185 4502 Maris
1203 4429 1389 4516 reduoere,
1413 4449 1482 4502 non
1500 4428 1659 4502 obstante

246 4545 401 4641 predicta
424 4553 646 4626 mucessione
665 4553 827 4647 redueat,
852 4565 886 4627 et
908 4553 1001 4627 idem
1023 4553 1184 4647 magister
1205 4553 1319 4624 Helias
1339 4551 1434 4648 ipsos
1452 4561 1589 4625 tarenos
1610 4573 1659 4625 ex

247 4681 330 4744 tnnc
346 4673 480 4768 solvere
499 4675 642 4752 minime
659 4689 826 4754 teneatur.
847 4677 904 4752 Ad
922 4677 1027 4774 hujus
1046 4679 1163 4774 itaque
1189 4675 1420 4751 muressionis
1444 4685 1559 4752 nostre
1586 4699 1660 4752 me·

344 4797 372 4860 1.
1464 4810 1498 4864 el
