4334 5980
236 557 332 618 lnnrcr.
351 557 393 632 l.]
687 553 883 616 HISTORIA
907 554 1199 617 nlrtottartca.
1587 553 1648 616 257

233 691 474 786 Salzburgensi
500 713 522 765 a
547 689 847 786 predecessoribus
877 691 1002 764 nostris
1032 693 1154 765 collatu
1182 690 1438 788 perspeximus,
1460 689 1645 785 inquibus

232 816 479 889 monasterium
497 815 533 886 in
557 815 694 888 Chimse
722 815 784 888 uhi
812 815 980 890 hactenns
1003 816 1068 888 luit
1089 815 1311 922 congregatio
1335 814 1646 889 sanctimonialium

233 941 433 1016 invenimus
448 941 662 1038 episcopatui
675 941 915 1038 Salzburgensi
933 939 1167 1015 munificentia
1181 941 1407 1036 gloriosorum
1429 963 1551 1034 regum
1571 961 1647 1014 esse

234 1065 400 1140 donatum
424 1089 504 1139 cnm
524 1066 618 1140 omni
627 1068 706 1159 jure
719 1088 784 1140 suo
802 1075 836 1140 ot
859 1066 1256 1162 hominibusntrinsque
1271 1087 1392 1157 sexus,
1413 1065 1570 1138 militaris
1585 1087 1647 1138 sen

235 1191 370 1264 servilis
382 1190 614 1283 condicionis,
634 1192 724 1263 sicut
746 1201 846 1264 antea
863 1190 1040 1287 predictus
1061 1193 1158 1265 locus
1177 1190 1224 1264 ad
1241 1189 1424 1286 imperium
1441 1189 1645 1284 pertinebat.

236 1315 498 1388 Considerantes
524 1315 634 1388 eciam
661 1314 758 1410 quod
779 1317 852 1409 jhm
877 1314 990 1388 dictus
1017 1315 1296 1410 archiepiscopus
1320 1313 1421 1385 nobis
1443 1321 1478 1385 et
1502 1313 1648 1408 imperio

237 1437 456 1512 laudabiliter
472 1438 621 1513 devotus
635 1439 801 1532 extiterit,
813 1439 1007 1535 predictum
1023 1438 1268 1513 monasterium
1284 1458 1362 1510 cum
1380 1437 1475 1510 omni
1489 1437 1568 1528 jure
1583 1457 1647 1510 suc

237 1563 478 1656 Salzhnrgensi
498 1561 641 1636 ecclesie
668 1562 923 1637 confirmamus.
939 1563 1008 1637 Sed
1034 1562 1131 1657 qnod
1153 1561 1248 1634 idem
1273 1559 1550 1657 archiepiscopus
1574 1561 1648 1633 zelo

238 1687 300 1759 Dei
314 1685 440 1760 ductus
458 1708 538 1760 cum
554 1687 779 1760 universitate
799 1687 938 1784 capituli
954 1687 1009 1758 sui
1034 1695 1068 1760 et
1091 1686 1218 1759 familie
1242 1685 1309 1758 sibi
1333 1681 1506 1778 indulgeri
1525 1683 1649 1778 petivit

238 1819 277 1882 nt
293 1811 330 1882 in
347 1809 522 1906 sepedicto
538 1812 743 1884 monastario
761 1812 995 1886 kathedralem
1010 1812 1185 1886 ordinaret
1198 1810 1391 1900 ecclesiam,
1402 1810 1554 1902 allegans
1569 1807 1648 1903 epi-

238 1943 398 2030 scopatus
418 1935 473 2008 sni
494 1935 729 2026 latitudinem,
748 1935 885 2010 viarum
905 1937 1141 2011 difficultatem
1167 1955 1231 2008 nec
1253 1955 1324 2008 non
1348 1943 1383 2007 et
1408 1932 1648 2028 occupationes

237 2059 368 2154 quibus
382 2068 516 2156 oportet
531 2081 611 2133 eum
627 2061 772 2156 imperio
795 2081 871 2134 esse
892 2060 1103 2152 obnoxium,
1123 2059 1252 2154 quibus
1267 2059 1429 2132 omnibus
1450 2055 1647 2158 sollicitudo

237 2185 418 2280 pastoralis
434 2184 606 2259 delectum
624 2185 766 2280 patitnr3
788 2205 851 2258 nos
870 2185 1098 2281 peticionibus
1115 2183 1251 2277 ejusde
1268 2183 1362 2256 bono
1380 2181 1648 2276 cordesurgen·

236 2307 331 2381 tibus
353 2309 523 2402 inclinati,
544 2309 753 2382 indulsimus
769 2307 802 2380 ei
827 2307 1025 2404 episcopum
1052 2309 1113 2402 qui
1137 2309 1221 2382 citra
1241 2317 1375 2380 montes
1400 2305 1648 2402 archiepiscopi

238 2431 498 2524 Salzburgensis
511 2433 638 2506 existat
650 2433 815 2524 vicarius,
831 2432 867 2504 in
884 2441 1070 2505 memorato
1083 2433 1288 2506 monasterio
1300 2431 1473 2520 ordinare,
1490 2433 1552 2526 qni
1571 2443 1646 2502 tan·

237 2563 312 2626 tum
326 2555 371 2628 ad
387 2557 654 2650 salzburgenses
674 2556 948 2652 archiepiscopos
961 2566 996 2628 et
1012 2578 1080 2629 non
1096 2557 1141 2629 ad
1157 2555 1340 2650 imperinm
1363 2555 1399 2625 in
1420 2555 1594 2648 rogalibus
1615 2563 1650 2626 ot

238 2679 442 2752 investitura
470 2679 595 2754 debeat
626 2680 754 2754 habere
791 2691 998 2776 respectum.
1031 2680 1288 2775 Congnovimus
1314 2680 1406 2751 enirn
1439 2679 1647 2750 Gnrcensem

238 2804 436 2900 episcopum
463 2805 524 2900 qni
551 2805 810 2902 archiepiscopo
834 2805 1074 2900 salzburgensi
1100 2805 1136 2877 in
1164 2805 1333 2879 vicarium
1362 2824 1546 2875 concessus
1572 2823 1648 2874 esse

238 2927 439 3022 dinoscitur,
458 2940 596 3026 propter
613 2931 874 3026 amplitudinem
890 2932 1108 3028 episcopatus
1123 2929 1213 3002 ultra
1230 2938 1381 3018 montes,
1396 2950 1473 3001 raro
1490 2929 1545 3000 vel
1560 2949 1648 2998 nun·

236 3074 342 3146 qnam
359 3058 444 3126 citra
460 3065 592 3127 montes
614 3076 716 3151 posse
738 3077 856 3127 curam
882 3055 1004 3127 vicarii
1028 3057 1063 3126 in
1089 3055 1158 3126 hiis
1183 3076 1253 3148 que
1278 3053 1472 3149 episcopale
1496 3052 1647 3125 officinm

237 3177 383 3271 exigunt
397 3199 571 3251 exercere.
588 3179 631 3250 Ut
646 3189 761 3252 antem
777 3179 843 3252 hec
859 3188 973 3252 nostre
990 3179 1221 3252 concessionis
1236 3179 1362 3274 pagina
1386 3178 1422 3249 in
1444 3187 1647 3274 perpetuum

237 3301 441 3374 inconvulsa
453 3301 620 3374 habeatnr
632 3311 667 3374 et
680 3303 794 3391 firma,
812 3303 999 3395 majestatis
1014 3313 1129 3375 nostre
1146 3303 1267 3376 robore
1283 3301 1538 3375 confirmamus.

286 3425 401 3498 Testes
416 3425 521 3519 hujus
536 3426 587 3498 rei
601 3435 683 3498 sunt
697 3426 856 3500 Sivridus
872 3426 1098 3521 Augustensis
1114 3427 1315 3523 episcopus,
1332 3427 1537 3501 Chunradus
1557 3427 1646 3501 Con·

236 3549 432 3623 slantiensis
454 3550 656 3647 episcopus,
680 3605 689 3622 .
715 3605 723 3622 .
749 3605 757 3622 .
778 3551 886 3624 abbas
904 3549 949 3624 de
969 3551 1101 3644 Salem,
1121 3552 1270 3624 ericus
1287 3553 1396 3626 abbas
1409 3553 1524 3625 Sancti
1538 3551 1645 3645 Galli,

236 3671 418 3745 heinricus
429 3673 538 3746 abbas
547 3673 965 3770 Angustensis(c)‚comes
977 3675 1209 3748 Hartmannus
1223 3675 1268 3750 de
1281 3677 1519 3751 Wirtenberch
1535 3687 1570 3750 et
1582 3677 1648 3750 fra·

236 3803 288 3868 ter
303 3817 388 3868 snus
404 3818 519 3870 comes
535 3797 760 3890 Lodowicus,
773 3797 977 3872 Partholdus
995 3799 1040 3872 de
1055 3797 1167 3873 Niffen
1186 3809 1221 3874 et
1236 3799 1329 3875 iilius
1345 3823 1430 3875 suus
1443 3802 1624 3876 Heinricus
1633 3856 1644 3895 ,

236 3919 415 3993 Heinricns
432 3920 478 3995 de
490 3921 635 3996 Chaldin
647 3923 878 3996 marschalcus
891 3923 1045 4019 imperii,
1060 3933 1096 3996 et
1111 3925 1168 3997 alii
1183 3925 1416 4021 quamplures.

284 4041 371 4117 Acta
386 4055 467 4117 snut
481 4044 546 4118 hec
563 4046 660 4143 apud
679 4047 908 4122 Constantiam
921 4046 988 4145 (l),
1004 4069 1096 4120 anno
1108 4050 1245 4124 Domini
1266 4051 1446 4125 millesimo
1463 4049 1527 4124 CC⁰
1539 4051 1642 4142 xilv,

237 4165 426 4241 indictione
440 4168 562 4264 prima.

278 4365 319 4439 (c)
340 4363 545 4426 Verislmlllter
557 4371 658 4428 annun
671 4367 828 4447 legendnm
839 4367 988 4450 depensis.

268 4597 306 4672 (l)
326 4599 440 4658 «Alam
451 4601 532 4659 etiam
545 4603 647 4660 curiam
658 4603 686 4660 in
698 4603 826 4662 Passione
837 4605 942 4663 Domini
957 4607 1000 4678 (sl
1018 4604 1119 4674 martii)
1132 4605 1282 4664 Fridericns
1294 4605 1364 4680 apud
1376 4605 1561 4665 constanciam
1573 4607 1643 4666 cele·

233 4695 330 4755 brevit.
345 4716 358 4751 n
375 4699 469 4756 Herm.
482 4699 576 4758 altat.
589 4701 708 4760 chronic.
724 4717 768 4777 up.
783 4704 931 4775 Bonna,
944 4704 1059 4774 Fontes,
1072 4703 1111 4775 11,
1124 4705 1185 4760 l96.

311 4796 337 4860 Ι.
1444 4814 1480 4868 ³8
