4378 5954
558 597 599 660 88
1056 599 1268 662 valnaltlcl
1294 602 1471 664 suevum
1772 607 1857 685 [Arra.
1875 609 1965 672 1202.

556 733 601 806 sit
617 732 713 827 quod
731 732 767 805 in
786 755 890 806 suum
914 741 949 807 et
968 753 1111 806 suorum
1131 735 1352 810 commodum
1373 745 1564 812 attentarat.
1591 737 1678 810 Cum
1706 739 1812 834 igitur
1833 751 1966 816 tantum

558 857 652 952 regis
667 857 888 953 dispendium
904 879 969 930 nec
983 858 1172 932 debeamus
1189 881 1253 934 nec
1271 861 1420 935 velimus
1437 863 1665 958 equanimiter
1687 865 1873 958 sustinere,
1895 867 1966 940 dis·

558 981 701 1054 crationi
720 991 830 1055 vestre
850 1004 912 1077 per
927 982 1113 1078 apostolica
1130 985 1257 1080 scripta
1277 985 1483 1060 mandamus
1498 995 1669 1082 quatenus
1690 997 1725 1061 et
1741 1010 1784 1062 ea
1806 1011 1877 1084 que
1894 993 1969 1086 ipse

559 1106 743 1194 concessit,
763 1108 989 1181 nonobstante
1015 1109 1244 1204 appellatione
1262 1111 1318 1183 vel
1341 1111 1609 1186 contradictione
1626 1115 1894 1209 cujuscumque,
1921 1115 1968 1189 ad

560 1231 657 1325 regni
673 1231 863 1304 dominium
875 1233 1056 1326 revocetis,
1066 1243 1101 1308 et
1112 1257 1172 1308 cos
1187 1235 1316 1330 quibus
1330 1237 1557 1329 bajulationes
1570 1238 1740 1310 commisit
1753 1239 1885 1312 eisdem
1899 1241 1968 1313 ba-

554 1356 781 1448 julationibus
794 1359 922 1430 curetis
930 1359 1325 1454 auctoritaleapostoliea
1337 1362 1499 1457 spoliare,
1511 1363 1575 1434 nisi
1587 1363 1702 1435 forsan
1715 1364 1814 1436 vobis
1825 1385 1887 1460 per
1898 1365 1968 1438 lite

557 1501 614 1551 ras
628 1488 760 1552 nostras
776 1479 958 1554 ostendant
973 1481 1070 1575 quod
1083 1482 1134 1554 cis
1151 1483 1279 1556 fuerint
1291 1507 1354 1580 per
1365 1483 1595 1581 Apostolicam
1612 1485 1738 1560 Sedent
1754 1486 1964 1562 confirmate.

603 1605 729 1676 Datum
747 1605 926 1697 hanani,
943 1607 976 1677 X
990 1605 1155 1680 kalendas
1171 1609 1253 1682 maii
1267 1607 1330 1705 (u),
1346 1632 1437 1684 auno
1453 1611 1589 1706 quinto.

611 2179 853 2264 Innocentius
869 2208 970 2291 papa
986 2181 1172 2266 universis
1193 2209 1261 2292 per
1276 2207 1440 2291 menum
1459 2181 1606 2266 Siciliae
1627 2181 1841 2266 constitutis
1857 2207 1967 2264 nun-

558 2313 628 2398 tiat
645 2341 685 2398 se
703 2325 789 2425 post
805 2316 1001 2400 victoriam
1019 2343 1042 2398 a
1059 2318 1195 2402 comite
1212 2317 1421 2406 Brennensi
1438 2317 1487 2400 de
1504 2315 1694 2426 Dioppldo
1715 2325 1965 2426 reportatum,

555 2450 596 2530 in
615 2449 782 2532 Siciliam
797 2459 929 2534 ccntm
942 2450 1206 2534 Mareualdum
1227 2452 1390 2562 dirigere
1411 2449 1612 2536 Rufridum
1625 2449 1852 2534 Sanctorum
1864 2450 1969 2534 llar-

557 2581 684 2664 cellini
701 2592 739 2665 et
759 2584 858 2666 Petri
876 2583 1139 2694 presbyterum
1161 2583 1394 2668 cardinalem
1415 2593 1453 2668 et
1469 2583 1651 2668 Jacobum
1673 2583 1964 2688 marescalcum,

555 2714 696 2823 quibus
710 2715 903 2799 intendere
921 2725 958 2799 et
974 2716 1148 2798 assistere
1161 2715 1336 2800 debeant.

636 2933 735 3008 (Edld.
747 2933 938 3007 Bnncurcrrv,
952 2933 1050 3012 Epist.
1071 2933 1170 2994 Ionae.
1191 2932 1248 3005 111,
1263 2931 1313 2994 llb.
1329 2931 1368 3007 V,
1383 2937 1408 2993 t.
1424 2933 1454 3006 1,
1469 2949 1497 3010 p.
1515 2941 1569 3008 96,
1584 2940 1617 2992 a·
1633 2939 1683 2994 tt.
1703 2931 1817 2994 Retulit
1829 2945 1966 3010 quoque,

677 3037 730 3098 sed
741 3055 802 3100 nou
814 3042 926 3118 lntcgre
937 3041 1141 3114 mmmmm,
1155 3035 1268 3100 Ausul.
1280 3033 1386 3115 ambs,
1401 3039 1441 3100 ad
1453 3055 1521 3100 aun.
1539 3047 1628 3113 120²,
1639 3035 1709 3121 Sl.)

608 3225 843 3316 innocentius,
862 3235 944 3318 etc,
962 3225 1241 3320 archiepiscopis,
1255 3225 1426 3322 episcopis
1437 3235 1472 3298 ct
1488 3225 1565 3300 aliis
1580 3225 1801 3300 ecclesiarum
1816 3223 1965 3320 prelatis,

559 3351 755 3442 comitibus,
774 3351 974 3440 baronibus,
986 3351 1122 3422 civibus
1137 3359 1172 3423 et
1187 3351 1265 3424 aliis
1287 3372 1350 3447 per
1367 3371 1513 3442 regnum
1534 3351 1649 3424 Sicilie
1668 3349 1879 3436 constitutis,
1899 3359 1965 3422 etc.

559 3476 671 3570 Opera
698 3475 928 3548 testimonium
948 3473 1128 3570 perhibent
1143 3474 1278 3548 veritati
1299 3487 1333 3548 et
1353 3475 1460 3548 nostri
1483 3475 1590 3548 animi
1614 3473 1798 3569 puritatem
1825 3471 1968 3546 actionis

560 3600 740 3674 sinceritas
756 3601 967 3690 manifestat,
987 3621 1057 3693 que
1074 3599 1275 3674 abscondita
1294 3599 1452 3672 cordium
1470 3599 1624 3694 publicat
1645 3607 1680 3672 et
1702 3599 1844 3674 consilia
1866 3597 1967 3670 etiam

561 3725 694 3798 occulta
718 3725 858 3796 revelat.
875 3723 990 3796 Nostis
1015 3725 1142 3796 etenim
1166 3745 1287 3796 omnes
1303 3734 1339 3796 et
1355 3723 1482 3818 singuli
1502 3723 1651 3817 qualiter
1668 3743 1731 3818 pro
1749 3723 1915 3796 carissimi
1933 3722 1967 3794 in

563 3848 696 3920 Christo
710 3847 772 3918 filii
790 3847 894 3920 nostri
914 3847 1028 3920 Sicilie
1042 3849 1133 3942 regis
1147 3849 1288 3922 illustris
1304 3847 1432 3920 honore
1445 3868 1487 3920 ac
1500 3847 1597 3942 regni
1611 3847 1728 3942 quiete
1741 3867 1806 3919 nec
1816 3845 1970 3944 personis

563 3974 706 4045 fratrum
724 3981 760 4044 ct
777 3972 1108 4066 consanguineorum
1125 3983 1318 4046 nostrorum
1332 3971 1587 4066 pepercerimus
1607 3970 1772 4044 hactenus
1786 3992 1850 4044 nec
1867 3991 1969 4044 onera

564 4095 745 4168 vitarimus
762 4117 1011 4189 expensarum,
1029 4097 1092 4170 sed
1110 4097 1207 4190 regni
1222 4095 1482 4169 necessitatibus
1494 4095 1532 4166 in
1545 4095 1649 4167 rebus
1660 4093 1924 4192 subvenerimus
1937 4103 1971 4166 et

561 4219 730 4314 personis,
746 4229 958 4314 opponentes
971 4241 1034 4292 nos
1050 4242 1187 4292 murum
1206 4241 1268 4314 pro
1286 4239 1328 4292 eo
1347 4217 1614 4290 ascendentibus
1628 4203 1674 4290 ex
1687 4217 1835 4292 adverso
1851 4227 1886 4291 et
1900 4227 1967 4290 tam

561 4344 650 4416 intra
671 4365 816 4436 mgnum
837 4366 942 4440 quam
967 4353 1066 4416 extra
1089 4343 1286 4438 iniquorum
1310 4341 1463 4416 consiliis
1489 4341 1681 4416 obviantes.
1705 4343 1775 4415 Nec
1793 4341 1858 4416 luit
1875 4341 1969 4414 labor

560 4478 676 4540 noster
685 4467 809 4561 inanis,
819 4469 882 4540 sed
897 4469 932 4540 in
944 4451 1076 4542 tautrnn
1088 4469 1308 4564 proiecimus,
1317 4469 1464 4540 Domino
1476 4468 1632 4562 faciente,
1644 4465 1740 4562 quod
1753 4465 1858 4540 bodie
1868 4467 1969 4562 plene

560 4592 681 4665 luisset
697 4614 803 4688 regno
821 4593 1049 4688 tranquillitas
1063 4591 1231 4686 restituta,
1246 4591 1312 4664 nisi
1329 4591 1462 4666 bostem
1476 4591 1646 4686 dejectum
1665 4590 1842 4664 familiaris
1856 4587 1968 4662 inimi·

602 4739 645 4822 (a)
667 4741 800 4804 Gomcxlt
815 4743 986 4824 Brcqulgny
1004 4743 1030 4804 V
1038 4739 1094 4806 rat
1109 4742 1196 4819 maii,
1210 4747 1309 4804 nosce
1322 4743 1468 4804 rmteuda
1483 4743 1581 4804 mtnus
1593 4747 1680 4804 recte.
