4382 5946
509 479 572 542 m
1015 483 1231 546 Plllllsslllcl
1257 483 1432 548 secuto!
1736 485 1817 572 [Αιι
1834 487 1927 548 1214.

560 614 647 690 Acta
669 627 751 690 sunt
768 627 883 692 eutem
906 621 972 694 islo
989 641 1081 694 euno
1099 623 1144 695 eb
1166 619 1560 696 incarnatione-Domini
1581 619 1760 695 millesimo
1784 621 1930 696 ducen-

513 741 636 814 tesimo
670 751 793 837 quarto
823 743 981 835 decimo,
1013 743 1201 820 indictione
1231 745 1405 834 monn,
1432 743 1561 816 mensis
1585 743 1752 816 februarii
1778 747 1930 842 septimo

514 873 683 958 exeunte,
703 867 799 962 epod
821 866 1015 962 Angustam
1037 870 1074 941 in
1092 871 1189 944 curia
1207 871 1379 964 generali,
1403 869 1440 940 in
1458 867 1631 964 pruentia
1647 867 1795 944 Cenrudi
1812 871 1927 944 Batin-

514 991 695 1086 ponensis‚
723 993 918 1086 Menegoldi
947 993 1178 1085 Poteuiensis,
1205 995 1339 1068 Ottonis
1364 992 1611 1086 Frisingeusis,
1638 993 1787 1067 mnndi
1806 995 1925 1066 Brixi-

514 1115 648 1206 nensis,
671 1115 824 1190 Federici
851 1117 1059 1210 Tridentini,
1087 1119 1275 1192 Hertwichi
1299 1117 1527 1205 Aixtetensie,
1551 1117 1692 1211 Spoerdi
1715 1117 1923 1210 Angntensis

514 1240 770 1336 episcoporum,
793 1241 939 1318 Conrodi
958 1243 1149 1336 Tergestini
1167 1244 1284 1334 electi,
1306 1241 1474 1316 Ludorici
1492 1239 1593 1314 ducis
1609 1241 1771 1330 Bonane,
1791 1241 1923 1315 Alberti

514 1365 649 1440 comitis
662 1367 797 1464 Tyroli,
818 1368 990 1442 Frederici
1011 1369 1187 1462 burgravii
1205 1369 1251 1442 de
1272 1365 1518 1457 Nuremleeruln,
1538 1365 1707 1440 Ludovici
1724 1365 1858 1440 comitis
1877 1366 1922 1440 de

511 1490 703 1566 Ottonstnin
721 1490 766 1564 de
783 1491 932 1566 Reberth
947 1501 983 1566 et
1001 1491 1114 1564 fratris
1132 1493 1186 1564 sni
1204 1492 1367 1566 lodovici
1384 1491 1521 1564 comitis
1543 1490 1720 1584 burgrcvii
1738 1489 1785 1564 de
1801 1491 1920 1564 Meno-

511 1613 635 1688 sberch
649 1615 719 1712 (o),
738 1613 917 1689 Phederici
931 1614 977 1688 de
993 1615 1158 1706 Comeco,
1180 1615 1359 1711 lludulplni
1375 1615 1422 1689 de
1437 1615 1598 1705 Curiano,
1614 1613 1779 1688 tolonnis
1792 1613 1838 1688 de
1854 1617 1919 1686 Zn·

510 1739 630 1830 choln,
654 1739 955 1836 Wolterpertholdi
982 1739 1028 1812 de
1054 1739 1302 1836 Spilinnbergo,
1321 1739 1477 1814 Voltechi
1506 1739 1553 1814 de
1576 1739 1808 1832 Pertistogno,
1831 1739 1919 1811 Hen-

511 1864 575 1936 r'ici
607 1861 653 1936 de
681 1863 898 1958 Fontebono,
927 1863 1074 1938 Conredi
1100 1863 1146 1937 de
1172 1865 1294 1956 Porto,
1324 1863 1490 1960 Stephani
1517 1864 1640 1938 deceni
1665 1861 1915 1958 Aquileiensis,

512 1987 679 2082 Unigardi
702 1989 866 2084 prepositi
888 1989 1002 2062 Sancti
1021 1988 1180 2078 Odorici,
1203 1989 1373 2062 Dethulmi
1400 1989 1556 2062 cononici
1573 1987 1821 2082 Aquileiensis,
1841 1985 1919 2058 Orn-

511 2111 639 2186 neboni
653 2112 783 2204 judicis
800 2123 835 2186 et
852 2114 989 2202 notorii,
1010 2122 1046 2186 et
1061 2114 1208 2188 oliorum
1226 2115 1426 2186 multorum.

560 2236 705 2332 Signum
730 2236 862 2310 domini
886 2237 1058 2312 Frederici
1086 2239 1251 2330 secundi,
1275 2239 1507 2312 Romanorum
1531 2237 1623 2332 regis
1650 2235 1866 2308 invictissimi
1885 2245 1918 2306 et

512 2361 651 2458 gloriosi
667 2361 759 2456 regis
775 2361 902 2434 Sicilie.

563 2487 635 2581 Ego
657 2485 835 2560 Conradue
852 2487 1014 2562 lleteusis
1029 2497 1065 2562 et
1081 2487 1252 2584 Spirensis
1268 2487 1467 2583 episeopus,
1487 2487 1675 2584 imperialis
1691 2485 1771 2558 aule
1788 2483 1919 2558 concel-

512 2611 639 2702 larius,
664 2610 896 2686 vicedomini
923 2613 1040 2687 Sitridi
1063 2613 1257 2709 Mogontini
1283 2612 1535 2708 archiepiscopi
1558 2621 1594 2685 et
1615 2611 1720 2686 totius
1743 2607 1919 2682 nemenio

512 2737 819 2830 archicancellarii,
835 2738 1033 2834 recognovi.

476 3373 484 3398 ·
563 3329 797 3438 Fridericus,
812 3329 1072 3414 Romanorum
1088 3355 1174 3436 rex,
1195 3330 1419 3414 sententium
1436 3331 1656 3442 promulget
1673 3331 1713 3414 in
1730 3329 1918 3414 corisson

511 3463 630 3546 lotam
652 3491 722 3574 pro
747 3464 908 3548 Henrico
932 3463 1199 3576 Argentinensi
1227 3464 1418 3574 episcope,
1437 3465 1542 3575 quod
1560 3465 1690 3548 nullus
1711 3465 1751 3544 in
1774 3465 1919 3546 cirione

512 3595 780 3704 Argentinensi
797 3597 1000 3681 consilinm
1023 3597 1218 3680 instituere
1235 3598 1372 3680 debent
1387 3599 1445 3682 rel
1464 3598 1671 3708 temporale
1692 3597 1834 3680 hebere
1845 3595 1918 3706 jo-

511 3729 656 3814 dicium
682 3731 756 3813 nisi
782 3733 831 3815 de
857 3757 1043 3815 consensu
1070 3733 1190 3842 ipsius
1217 3732 1401 3842 episcopi,
1428 3742 1467 3814 et
1492 3758 1563 3842 pro
1589 3731 1697 3814 terris
1723 3729 1799 3812 illis
1822 3753 1918 3838 quoe

511 3874 783 3976 nuncupentur
800 3865 1006 3974 Almende,
1026 3867 1157 3951 nullus
1182 3868 1270 3951 illos
1293 3867 1434 3951 hebere
1454 3867 1609 3974 debent,
1628 3867 1702 3949 nisi
1728 3865 1777 3948 de
1803 3889 1918 3947 monn

512 4001 677 4112 episcopi
695 4000 762 4110 qui
775 4027 840 4084 ees
858 4001 908 4084 ab
925 4001 1084 4112 imperio
1102 4028 1143 4085 se
1160 4011 1286 4086 tenere
1303 4001 1551 4112 recognoscit.

593 4215 906 4298 leudenensis,
921 4219 995 4282 Hr'st.
1011 4217 1141 4280 d'rllrace
1151 4261 1160 4292 ,
1171 4235 1204 4298 p.
1220 4227 1269 4281 tt.
1280 4251 1321 4263 -
1335 4217 1543 4292 Senonrrnrn,
1558 4213 1654 4279 Alset.
1672 4213 1835 4297 diplomat,
1849 4219 1873 4274 t.
1888 4214 1918 4286 Ι,

632 4341 663 4404 p.
679 4333 754 4399 tto,
770 4335 804 4388 n·
816 4325 974 4390 CCCXCV.
985 4360 1027 4376 -
1038 4328 1260 4402 Wunnrwnur,
1276 4327 1357 4390 Nora
1366 4323 1475 4388 rntstd.
1493 4321 1623 4406 diplom
1637 4329 1662 4385 t.
1677 4325 1720 4400 x,
1734 4339 1767 4401 p.
1784 4321 1867 4400 tte.)

554 4511 595 4592 (a)
614 4511 717 4576 Leetlo
737 4513 824 4577 rntte
836 4515 947 4591 dublo,
962 4515 1107 4579 domoon
1129 4514 1291 4578 hebeernus
1304 4513 1383 4578 unde
1396 4513 1516 4576 nomlue
1532 4512 1657 4574 lstorunn
1674 4507 1817 4570 eomltum
1829 4503 1919 4566 eorrl·

510 4635 578 4700 gere
590 4619 687 4685 lloeet.
