4334 5980
497 459 556 522 118
995 463 1212 528 ruinnaldi
1237 465 1412 528 sscttttbt
1718 465 1801 546 [Ans.
1820 463 1905 529 12111.

496 617 603 670 uuum
619 597 696 669 auri
713 607 748 670 et
764 619 830 672 sex
845 600 972 672 salmas
983 599 1072 675 iuter
1083 603 1294 677 frumentum
1311 611 1347 676 ct
1363 599 1522 692 ordeum,
1537 621 1626 695 quus
1644 599 1770 676 domus
1787 601 1909 676 militie

497 721 627 817 Templi
647 741 717 816 que
738 731 791 795 est
809 723 845 794 iu
869 722 1017 821 Aydoue
1034 726 1131 800 curie
1149 735 1265 800 nostre
1288 725 1334 800 ds
1359 724 1636 823 possessionibus
1661 747 1751 821 quas
1772 725 1809 798 in
1832 725 1908 823 ipsa

496 853 586 917 tsrra
607 855 723 918 nostra
739 844 887 944 Ayduue
904 847 1075 944 possidet,
1094 851 1274 925 aunuatim
1291 851 1429 924 solvere
1450 849 1643 924 tenebatur.
1662 851 1856 924 Statuentes
1874 859 1909 923 st

496 968 665 1065 preeuntis
687 971 861 1066 privilegii
883 973 1085 1048 auctoritate
1105 975 1310 1050 mandantes
1337 983 1377 1048 nt
1401 975 1520 1047 nullus
1541 973 1587 1048 de
1610 981 1724 1048 cetero
1748 973 1907 1049 eamdem

495 1093 637 1168 domum
650 1094 772 1167 militie
788 1095 918 1192 Templi
930 1119 1001 1192 que
1013 1107 1066 1172 est
1081 1098 1118 1170 in
1133 1098 1279 1197 Aydoue
1292 1094 1365 1197 [de]
1379 1095 1535 1195 predicta
1548 1097 1670 1190 nucia,
1687 1097 1857 1171 frumento
1873 1105 1908 1170 et

493 1217 600 1292 ordeo
621 1218 794 1314 requirere
818 1221 875 1296 uel
893 1223 1076 1296 molestare
1092 1231 1280 1320 presumat.
1299 1221 1358 1298 Ad
1377 1222 1483 1317 hujus
1499 1231 1616 1297 autem
1639 1221 1849 1296 remissionis
1873 1229 1908 1296 et

494 1342 719 1416 relaxationis
736 1353 853 1418 nostre
869 1346 1071 1420 memoriam
1089 1355 1124 1420 st
1137 1347 1339 1422 inviolabile
1354 1345 1627 1441 firmamentum,
1643 1367 1785 1443 presens
1798 1345 1907 1442 priui-

494 1465 625 1562 legium
640 1489 703 1563 per
718 1489 844 1542 munus
857 1469 988 1544 Nicolai
1005 1471 1128 1546 notarii
1149 1472 1253 1546 scribi
1270 1481 1307 1546 et
1322 1469 1511 1565 majestatis
1530 1479 1646 1545 nostre
1662 1471 1777 1567 sigillo
1790 1491 1907 1567 prece-

379 1645 384 1658 .
493 1590 610 1686 pimus
628 1593 849 1686 communiri,
866 1614 970 1686 enno,
992 1615 1112 1669 meuse
1128 1604 1163 1668 et
1181 1595 1373 1670 indictione
1386 1595 1603 1690 subscriptis.

542 1717 629 1788 Data
655 1715 824 1813 Aydouc,
854 1739 945 1792 annu
977 1718 1150 1792 dominica
1181 1720 1425 1794 incarnationis
1456 1721 1640 1794 millesimo
1671 1717 1908 1793 ducentesimo

494 1837 650 1924 decimo,
676 1861 795 1914 mense
819 1841 988 1932 octubris,
1017 1843 1275 1938 quartedecime
1300 1843 1519 1938 indictionis,
1543 1845 1641 1940 regni
1667 1865 1751 1918 vero
1775 1843 1908 1918 domiui

494 1962 601 2035 nostri
622 1963 787 2038 Friderici
805 1965 868 2038 Dei
893 1967 1002 2060 gratia
1022 1967 1161 2062 gloriosi
1181 1969 1271 2064 regis
1290 1969 1424 2061 Sicilie,
1445 1969 1594 2044 ducatus
1612 1968 1737 2065 Apulie
1756 1976 1791 2042 et
1813 1967 1908 2065 prin·

495 2083 630 2181 ciputus
642 2085 760 2183 Capue
773 2109 864 2162 anno
877 2091 977 2163 tertio
994 2091 1144 2180 decimo,
1162 2091 1315 2166 feliciter.
1331 2091 1456 2166 Amen.

363 2701 398 2755 *τ’
547 2687 759 2776 Fridericus
773 2717 840 2776 rex
853 2691 1018 2800 Siciliae,
1034 2693 1084 2776 ad
1097 2694 1411 2804 supplicationem
1424 2693 1578 2779 liuberti
1595 2692 1732 2803 prioris
1750 2691 1909 2776 Sanctae

494 2821 634 2908 Mariae
663 2825 711 2908 de
738 2825 916 2937 sydone,
941 2827 1031 2909 huic
1057 2827 1236 2912 ecclcsiae
1261 2827 1367 2912 varia
1392 2828 1535 2912 casalia
1560 2827 1780 2933 coufirmat,
1799 2826 1909 2936 eique

494 2955 638 3040 relaxat
656 2967 741 3042 octo
760 2959 902 3041 salmas
920 2958 1101 3042 frumeuti
1119 2971 1157 3044 et
1182 2961 1340 3045 tolidem
1366 2961 1499 3046 hordei
1522 2985 1620 3072 quus
1646 2961 1794 3044 doauae
1818 2983 1909 3042 suae

494 3089 687 3174 exsolvere
705 3101 964 3175 consueverat.

577 3307 687 3384 (Edldit
699 3323 739 3366 ns
751 3307 898 3384 Gnossrs,
916 3309 1071 3372 Columna.
1082 3306 1281 3386 dclotmt,
1295 3310 1398 3374 cbord.
1413 3312 1454 3388 11,
1468 3310 1550 3373 mod.
1560 3310 1623 3386 111,
1634 3325 1666 3388 p.
1682 3317 1793 3388 5111.
1807 3307 1908 3370 emr-

580 3505 582 3510 .
618 3431 712 3487 mnu,
731 3411 813 3474 Yltct.
827 3413 1172 3498 suspectissimi)

547 3599 740 3674 Fridericus
756 3601 876 3676 diviua
893 3603 1031 3676 iuventa
1046 3605 1302 3679 clementiarex
1315 3605 1442 3698 Sicilie,
1456 3603 1604 3678 ducatus
1619 3601 1743 3700 Apulis
1756 3622 1797 3676 uc
1810 3600 1910 3696 prin-

498 3724 634 3820 cipatus
652 3723 780 3821 Cupue.
802 3726 943 3800 Gratum
965 3727 1115 3802 Creatori
1138 3739 1255 3803 nostru
1272 3751 1401 3803 munus
1418 3729 1616 3817 offerimus,
1636 3726 1772 3822 quoties
1788 3745 1910 3798 sacro-

498 3849 627 3922 sanctis
651 3849 804 3924 ccclesiis
825 3871 868 3924 ac
890 3853 1045 3947 personis
1065 3854 1320 3927 venerabilibus
1342 3853 1467 3926 mentis
1484 3861 1599 3925 nostre
1616 3851 1727 3924 aciem
1744 3849 1911 3922 vertimus

498 3983 534 4046 et
558 3973 712 4070 ipsorum
736 3975 998 4050 necessitatibus
1023 3999 1185 4052 curamus
1208 3978 1345 4074 pietatis
1364 3975 1481 4050 studio
1498 3976 1698 4048 subvenire.
1717 3975 1788 4046 Hac
1806 3971 1911 4066 igitur

499 4098 772 4174 consideratione
796 4100 1019 4174 humanitatis
1037 4101 1171 4177 inducti
1197 4111 1233 4175 et
1256 4123 1317 4197 spe
1334 4099 1568 4174 retributionis
1594 4107 1760 4194 perpetue
1780 4115 1911 4192 pruru-

500 4223 586 4314 cati,
606 4245 670 4319 pro
687 4225 841 4300 remedio
859 4226 1050 4300 animarum
1069 4229 1231 4302 divorum
1256 4235 1482 4321 angustorum
1509 4233 1692 4322 parentum
1717 4231 1910 4293 nostrerum

501 4348 610 4422 felicis
628 4351 794 4424 memorio
811 4373 945 4425 necnon
965 4373 1028 4449 pro
1050 4354 1161 4426 salute
1178 4359 1314 4440 nostra,
1333 4351 1380 4425 ad
1398 4349 1668 4446 supplicationes
1683 4365 1822 4442 queque
1836 4343 1911 4415 lio-

501 4473 588 4544 berti
608 4473 732 4568 prioris
750 4477 873 4548 Sancte
891 4477 997 4549 Maris
1013 4477 1059 4551 de
1076 4474 1221 4572 Apdone
1238 4475 1351 4549 fidelis
1369 4473 1489 4567 nostri,
1507 4473 1552 4548 de
1570 4471 1680 4568 gratia
1695 4481 1730 4544 et
1748 4473 1911 4542 consueta

503 4596 738 4673 munificentia
751 4612 879 4691 nostru,
895 4601 1001 4674 libere
1014 4609 1049 4673 et
1066 4601 1142 4675 siue
1159 4600 1276 4695 aliqua
1294 4600 1432 4676 datione
1449 4599 1486 4672 iu
1503 4605 1709 4695 perpetuum
1725 4592 1908 4682 donamus,
