4382 5946
535 555 597 618 260
1039 559 1255 623 Fatbuatct
1282 561 1456 625 secubet
1758 561 1840 650 [aas.
1858 563 1941 626 1213.

537 693 675 765 favente
703 693 883 765 clementia
907 695 1138 768 Romanorum
1167 719 1230 772 mx
1252 708 1288 772 et
1312 717 1448 794 semper
1472 705 1642 791 augustus
1665 707 1701 770 et
1726 719 1791 771 rex
1816 699 1940 774 Sicilie.

540 815 636 888 Sicut
662 815 824 888 omnibus
852 817 1020 910 dignitate
1043 821 1192 914 petenda
1216 820 1291 916 (sic)
1317 843 1365 896 ex
1390 821 1558 917 imperiali
1586 823 1762 914 mejoetate
1784 821 1945 896 videmur

540 939 744 1035 preminere,
756 941 802 1014 ita
817 942 950 1014 cunctis
964 963 985 1015 a
1001 945 1074 1016 Deo
1090 945 1191 1020 nobis
1204 947 1369 1040 subjectis
1385 947 1529 1019 formam
1543 945 1681 1042 pietatis
1697 955 1733 1018 et
1746 957 1945 1020 mansuetu-

540 1063 632 1138 dinis
649 1074 753 1160 atque
767 1066 900 1158 justitie
916 1067 1082 1142 condecet
1099 1091 1163 1143 nos
1177 1071 1364 1163 exhibere,
1386 1079 1426 1142 nt
1442 1070 1493 1142 sic
1517 1089 1711 1142 mereamur
1732 1070 1806 1164 regi
1825 1093 1944 1166 regum

537 1191 730 1264 eternaliter
747 1193 1057 1288 placere.Dignum
1073 1205 1126 1268 est
1140 1204 1180 1268 ut
1194 1217 1259 1269 nos
1273 1195 1334 1292 qui
1354 1193 1581 1268 interminatis
1594 1193 1784 1288 reipublice
1801 1197 1944 1290 negotiis

537 1313 772 1388 indesinenter
788 1315 1017 1412 implicamur,
1036 1319 1130 1392 vims
1151 1321 1316 1416 speciales
1344 1329 1380 1394 et
1406 1317 1537 1393 divinis
1560 1318 1735 1412 obsequiis
1757 1321 1944 1396 ferventius

537 1439 731 1512 insistentes
749 1439 881 1514 sincera
899 1441 1043 1514 karitate
1067 1441 1268 1535 diligemus,
1288 1445 1478 1530 foveamus,
1502 1441 1637 1516 debitas
1652 1443 1704 1514 eis
1721 1443 1945 1537 protectiones

537 1563 797 1662 impendemus,
816 1575 855 1637 ut
870 1565 955 1639 dum
973 1588 1037 1640 nos
1053 1571 1253 1665 temporalia
1266 1569 1363 1665 pacis
1378 1569 1471 1642 bona
1492 1567 1544 1640 eis
1568 1566 1808 1666 providemus,
1825 1589 1943 1642 eorum

536 1689 747 1764 orationibus
760 1689 870 1782 adiuti
884 1689 1009 1784 pariter
1027 1713 1105 1764 cnm
1121 1692 1172 1765 eis
1184 1693 1284 1765 bonis
1302 1691 1518 1788 perfruamur
1535 1691 1673 1763 eternis.
1687 1690 1835 1764 Proinde
1844 1693 1944 1783 justis

536 1823 571 1886 et
598 1813 767 1907 religiosis
791 1813 1014 1909 petitionibus
1038 1816 1154 1889 dilecti
1181 1817 1288 1890 nosbi
1315 1815 1445 1889 domini
1473 1813 1664 1888 Eberbmdi
1689 1813 1944 1908 Salzbnrgensis

536 1937 784 2033 archiepiscopi
800 1946 835 2010 et
849 1937 1043 2034 Apostoliee
1059 1939 1159 2014 Sedis
1173 1941 1297 2035 legati,
1312 1943 1413 2035 cujus
1429 1938 1628 2014 fidelitatem
1648 1939 1684 2010 in
1704 1939 1944 2034 promovendis

536 2062 672 2158 imperii
691 2062 836 2157 negotiis
852 2084 915 2158 per
941 2063 1059 2138 omnia
1078 2066 1361 2162 recognovimus,
1380 2087 1559 2140 assensum
1580 2064 1765 2162 prebemus
1789 2073 1825 2136 et
1849 2063 1943 2158 pium

537 2187 736 2262 devocionis
751 2188 862 2284 ipsius
877 2187 1037 2261 allectum
1051 2190 1143 2281 juste
1165 2189 1465 2281 commendamus,
1481 2199 1586 2285 atque
1604 2188 1823 2263 donationem
1838 2189 1943 2260 saline

536 2313 573 2386 in
589 2311 752 2386 Mulbach
776 2331 882 2407 quarn
908 2311 1084 2406 predictus
1099 2313 1255 2408 pontilex
1271 2337 1335 2410 pro
1348 2315 1458 2388 seinte
1474 2335 1539 2387 sua
1554 2313 1779 2406 omniumque
1803 2332 1942 2385 suorum

534 2457 771 2510 successorum
792 2436 983 2509 venerabili
999 2435 1199 2510 Eberhardo
1214 2439 1331 2512 abbati
1348 2439 1394 2513 de
1406 2439 1537 2526 Salem,
1553 2436 1710 2530 ejusdem
1722 2457 1861 2530 qnoque
1878 2438 1943 2509 lra-

534 2562 645 2634 tribus
661 2569 828 2657 perpetuo
849 2560 1093 2656 possidendam
1110 2563 1274 2654 contulit,
1296 2561 1442 2636 eandem
1461 2571 1495 2635 et
1512 2583 1576 2634 nos
1591 2561 1857 2652 consessionem,
1879 2558 1940 2634 do·

534 2686 707 2758 nationem
725 2707 795 2758 una
812 2707 892 2757 cum
906 2685 980 2780 ipso
990 2687 1069 2778 jure
1084 2686 1253 2782 imperiali
1267 2687 1511 2762 inviolabiliter
1525 2684 1779 2760 confirmamus.
1790 2685 1943 2757 Preterea

534 2830 790 2904 quemcumque
819 2809 1009 2882 libertatem
1040 2809 1217 2906 predictus
1243 2812 1522 2908 archiepiscopus
1550 2811 1602 2882 eis
1630 2809 1774 2882 indulsit
1802 2817 1837 2881 et
1864 2808 1942 2881 dato

535 2933 718 3032 privilegio
748 2953 917 3006 consensu
946 2933 1042 3006 chori
1069 2943 1105 3007 et
1129 2933 1405 3008 ministerialium
1422 2933 1579 3029 eiusdem
1597 2933 1740 3007 ecclesie
1761 2932 1939 3024 stabilivit,

535 3057 700 3132 videlicet
725 3057 762 3129 in
786 3056 1006 3130 succidendis
1032 3058 1136 3154 lignis
1160 3057 1448 3155 deducendisqne
1472 3059 1523 3132 cis
1547 3079 1610 3154 per
1628 3057 1824 3150 adjacentes
1838 3056 1943 3128 saline

535 3181 662 3256 lluvics
674 3181 748 3253 sine
761 3179 909 3272 alicujus
922 3179 1041 3252 tributi
1058 3180 1299 3274 requisitione3
1319 3181 1460 3279 insuper
1474 3182 1590 3255 omnia
1599 3183 1680 3276 jura
1694 3179 1940 3269 salinariorum,

535 3307 666 3380 scilicet
684 3304 838 3379 fodinam
856 3303 1063 3396 renovandi,
1078 3305 1184 3378 salem
1202 3304 1380 3380 vendendi
1398 3315 1433 3380 et
1447 3305 1644 3380 deducendi
1660 3325 1881 3400 quocumque
1894 3303 1943 3376 eis

534 3417 704 3528 placuerit
719 3429 766 3504 ad
785 3429 967 3502 utilitatem
986 3430 1157 3526 ipsorum,
1173 3437 1209 3502 et
1223 3451 1286 3502 nos
1299 3451 1441 3503 manum
1457 3429 1724 3503 confirmationis
1740 3430 1943 3524 apponimus

534 3563 570 3628 et
586 3552 862 3627 conservandum
886 3551 1173 3626 irretractabiliter
1197 3552 1368 3650 imperiali
1390 3553 1591 3626 auctoritate
1607 3551 1829 3648 precipimus.
1844 3551 1885 3622 Et
1906 3559 1944 3622 nt

534 3679 601 3751 hec
615 3677 754 3751 donatio
770 3685 841 3749 tam
857 3674 1062 3773 pontificalis
1074 3697 1180 3771 quam
1197 3676 1410 3750 confirmatio
1434 3677 1559 3773 regalis
1583 3685 1658 3749 rata
1683 3687 1718 3748 et
1743 3673 1944 3748 inconvulsa

535 3805 573 3876 in
591 3803 705 3874 futura
721 3810 859 3874 maneat
879 3808 1051 3896 tempora,
1073 3801 1235 3896 paginam
1248 3801 1349 3874 istam
1366 3801 1450 3875 inde
1468 3801 1638 3874 conscribi
1651 3809 1686 3872 et
1699 3797 1814 3893 sigillo
1831 3807 1945 3872 nostre

532 3926 701 4022 jussimus
716 3923 887 4018 insigniri.
908 3924 959 3996 De
976 3932 1089 3997 cetero
1106 3923 1199 3996 idem
1215 3923 1461 3997 monasterium
1479 3947 1558 3997 cum
1582 3923 1745 3998 omnibns
1761 3921 1946 4018 possessio·

535 4052 640 4124 nibus
653 4048 773 4122 suisiu
787 4047 937 4144 presenti
955 4047 1132 4142 acquisitis
1148 4057 1184 4120 et
1200 4047 1236 4118 in
1255 4047 1371 4122 lutura
1391 4069 1453 4144 per
1473 4047 1535 4122 Dei
1558 4047 1702 4142 gratiam
1726 4041 1946 4140 acquirendis

535 4178 572 4249 in
588 4173 823 4249 defensionem
840 4172 934 4268 regie
950 4172 1130 4268 potestatis
1147 4173 1383 4268 suscepimus;
1399 4193 1442 4246 eo
1454 4171 1618 4245 nimirum
1634 4179 1735 4267 pacto
1756 4179 1796 4241 ut
1813 4169 1844 4241 si
1866 4167 1946 4264 quis

534 4302 687 4376 violenta
711 4297 916 4394 pervasione
935 4297 1124 4392 quicquam
1143 4297 1190 4370 ad
1205 4318 1264 4370 cos
1283 4297 1458 4394 pertinens
1480 4294 1695 4387 distraxerit,
1715 4315 1815 4366 reum
1828 4313 1866 4364 se
1883 4311 1945 4388 pm

536 4435 629 4499 certo
643 4422 830 4518 imperialis
849 4421 984 4494 noverit
1000 4421 1199 4514 majestatis.

587 4549 730 4642 Signum
744 4545 876 4620 domini
886 4543 1049 4618 Friderici
1064 4545 1222 4638 secundi,
1233 4544 1464 4618 Romanorum
1479 4543 1571 4640 regis
1584 4539 1799 4615 invictissimi
1812 4548 1846 4613 et
1856 4538 1947 4632 regis

537 4671 665 4748 Sicilie.
