4434 5942
269 549 368 614 rma.
386 543 429 632 t]
717 543 915 606 ursroara
939 543 1236 614 otrtousrrca
1645 547 1686 610 ss

270 691 308 766 et
341 677 493 790 pedap'i
526 675 826 784 immunitatem,
859 675 1101 760 consulatum
1136 689 1174 762 et
1206 679 1352 762 curiam
1383 680 1423 761 in
1454 688 1534 764 toto
1564 703 1685 788 regno

270 814 439 920 Siciliae,
458 813 594 896 domos
611 810 651 892 in
670 810 862 915 Messana,
883 809 1104 922 Syracusio,
1125 813 1301 922 Trapano
1318 823 1356 896 et
1372 813 1543 922 Neapoli,
1564 812 1687 895 libera

269 959 387 1032 utem
413 945 636 1032 extrahendi
655 944 891 1028 frumentum
910 955 947 1028 et
964 946 1165 1052 victualia,
1190 947 1432 1031 securitatem
1453 947 1493 1027 in
1517 945 1632 1029 rebus
1650 955 1688 1027 et

270 1081 462 1192 personis,
486 1078 650 1188 exceptis
680 1085 830 1160 tuntum
856 1078 1114 1188 praedonibus
1146 1089 1183 1162 et
1213 1079 1446 1188 consulibus,
1476 1079 1687 1189 quamdam

267 1214 400 1326 judicii
418 1213 584 1297 formam
602 1211 641 1291 in
660 1210 766 1292 euris
782 1210 902 1322 regali
928 1221 966 1296 et
991 1237 1061 1321 pro
1083 1211 1262 1297 omnibus
1280 1213 1533 1296 lanueusibus
1550 1212 1686 1294 incar-

271 1345 407 1428 ceratis
430 1343 723 1428 absolutionem.

351 1544 475 1618 (lnsdlt.
494 1559 533 1605 ax
554 1541 628 1604 tom
640 1543 759 1625 jas-tran
778 1541 1017 1616 mmmnaoco.
1032 1542 1083 1604 ru.
1102 1553 1139 1606 58
1154 1549 1250 1622 ructo,
1263 1547 1295 1606 lu
1307 1543 1448 1606 urthern
1462 1546 1617 1607 universlt.
1632 1545 1686 1608 la·

392 1653 526 1724 nucusts3
541 1651 594 1712 ubl
608 1651 715 1730 tegttur
727 1651 766 1712 ab
784 1651 922 1730 orlglnall
941 1653 1150 1730 consumptum
1163 1667 1181 1712 a
1194 1651 1315 1712 Simone
1333 1651 1441 1712 Donatt
1454 1653 1587 1731 acurio,
1608 1669 1687 1714 anno

394 1766 483 1834 tane,
499 1760 552 1838 qul
564 1757 678 1819 bullam
691 1773 811 1820 auream
824 1764 896 1818 tuuc
908 1773 1068 1836 appensam
1081 1755 1247 1838 memorat)

321 1925 517 2002 Fridericus
529 1925 650 2000 divina
665 1927 802 2000 lavante
818 1925 997 2000 elementia
1010 1949 1075 2002 rex
1089 1927 1223 2014 Sicilie,
1239 1927 1386 2002 ducatus
1401 1927 1526 2022 Apulie
1544 1937 1578 2002 et
1593 1929 1689 2025 priu-

273 2054 408 2152 cipatus
423 2053 552 2150 Capne.
562 2052 669 2147 llegie
684 2049 921 2125 munificentie
936 2053 1057 2147 gratia,
1071 2055 1135 2127 etsi
1153 2053 1356 2126 multimoda
1375 2052 1595 2150 resplendeat
1611 2055 1689 2128 ela-

273 2178 373 2252 ritate
393 2178 553 2274 quotiem
572 2175 783 2273 profectibus
804 2173 959 2249 fidelium
975 2177 1173 2269 exhibetur,
1192 2186 1286 2250 tauto
1304 2177 1454 2272 amplius
1470 2179 1688 2272 regnantium

274 2311 408 2398 sceptra
424 2300 589 2374 clarificat
604 2309 639 2373 et
655 2321 775 2374 eorum
792 2299 919 2372 solium
937 2301 1123 2404 sublimius
1143 2301 1303 2398 provehit
1316 2311 1351 2375 et
1367 2301 1514 2375 illustrat
1528 2324 1600 2397 quo
1618 2304 1691 2376 lar-

275 2427 355 2522 gius
369 2447 431 2522 per
448 2425 571 2499 mnndi
596 2424 760 2498 terminos
783 2433 923 2518 erogatu
945 2424 982 2496 in
1006 2426 1229 2499 obsecutione
1254 2447 1318 2499 suo
1341 2425 1536 2500 devotionis
1558 2435 1593 2499 et
1607 2425 1690 2500 fidei

275 2560 517 2626 extraneorum
532 2549 600 2623 sibi
613 2548 775 2623 vendicat
788 2551 995 2623 uoluntates.
1015 2550 1100 2624 lude
1113 2561 1166 2623 est
1180 2550 1276 2646 quod
1291 2549 1355 2623 hos
1366 2550 1581 2624 attendentes
1594 2559 1691 2644 gruta

275 2685 310 2750 et
332 2677 506 2749 mucosa
524 2675 693 2770 obsequia
715 2697 786 2770 que
809 2675 933 2748 civitas
953 2675 1064 2748 lanue
1089 2673 1232 2748 domino
1257 2674 1434 2768 quondam
1462 2675 1550 2770 patri
1575 2684 1691 2748 nostru

275 2799 460 2896 magnifico
476 2800 708 2872 Romanorum
728 2798 924 2894 imperatori
951 2798 1035 2873 dive
1056 2799 1221 2872 memoris
1243 2799 1463 2874 laudabiliter
1479 2798 1641 2871 exhibuit
1657 2807 1693 2872 et

276 2923 418 3017 devote,
446 2923 703 2998 considerantes
736 2923 841 2996 etiam
873 2921 1094 2998 devotionem
1124 2923 1348 2998 Jauuensium
1385 2945 1492 3018 quam
1523 2924 1625 2996 nobis
1656 2933 1692 2998 at

276 3071 382 3144 reguo
405 3059 521 3124 nostro
544 3071 607 3145 per
630 3048 878 3145 experientiam
896 3050 1012 3146 operis
1028 3050 1255 3145 cognovimns
1272 3051 1508 3146 profuturam,
1530 3049 1575 3124 de
1593 3049 1693 3124 solita

277 3181 391 3246 nostre
413 3172 626 3246 liberalitatis
648 3173 759 3268 gratis
777 3173 953 3246 civitatem
977 3175 1087 3247 laune
1108 3184 1144 3247 et
1160 3174 1256 3248 cives
1272 3175 1349 3267 ojus
1366 3174 1555 3266 majestatis
1580 3183 1694 3246 nostre

276 3297 455 3372 beneficiis
482 3297 650 3372 duximus
673 3299 900 3374 decorandos.
929 3299 1158 3373 concedimus
1185 3300 1303 3395 itaque
1331 3300 1480 3396 presenti
1509 3299 1695 3396 privilegio

277 3431 313 3498 et
326 3423 498 3498 donamus
512 3423 687 3496 cummuni
698 3425 808 3498 lanus
827 3422 947 3497 decem
962 3423 1070 3496 millis
1088 3425 1270 3498 unciarum
1284 3425 1379 3513 auri,
1392 3445 1539 3520 quarum
1558 3423 1594 3496 in
1614 3445 1693 3520 pre·

277 3547 466 3622 sanderum
493 3547 620 3621 habeat
645 3568 829 3622 commune
854 3549 966 3621 laune
990 3549 1047 3621 vel
1076 3549 1152 3641 ejus
1183 3549 1342 3644 specialis
1372 3547 1522 3621 nuncius
1551 3548 1597 3622 ad
1628 3548 1695 3623 hoc

277 3681 459 3770 propterea
470 3671 662 3745 destinatus
678 3671 750 3745 duo
765 3671 871 3746 millia
888 3681 924 3744 et
940 3673 1119 3746 annuatim
1134 3673 1206 3748 duo
1222 3673 1342 3764 millia,
1354 3693 1466 3766 usque
1481 3672 1527 3744 ad
1540 3674 1696 3768 comple·

250 3865 253 3872 .
278 3806 433 3870 mentum
450 3817 585 3870 summo
604 3797 757 3893 ipsarum
772 3798 966 3870 unciarum.
991 3797 1135 3892 Insuper
1152 3805 1319 3893 perpetua
1343 3795 1563 3869 ordinatione
1586 3797 1695 3868 volu-

278 3943 357 3994 mus
377 3931 413 3995 et
436 3922 623 3994 sunctimus
640 3921 737 4016 quod
753 3923 942 3994 lanuenses
957 3929 992 3993 et
1009 3921 1167 3994 homines
1183 3921 1359 4024 districtus
1370 3919 1485 3994 Janue
1500 3919 1695 3992 habitantes

278 4055 418 4143 aperto
429 4047 563 4120 Venere
580 4068 692 4141 usque
706 4045 914 4119 Monachum
928 4049 986 4139 jus
1000 4045 1160 4140 aliquod,
1181 4045 1355 4118 dationem
1373 4065 1436 4116 seu
1450 4043 1638 4139 pedagium
1656 4043 1692 4114 in

280 4180 351 4245 toto
367 4192 487 4266 regno,
503 4170 657 4246 dominio
673 4181 789 4244 nostru
800 4181 834 4243 et
848 4179 936 4244 terra
949 4191 1055 4266 quam
1069 4171 1114 4244 de
1130 4179 1256 4260 cetero,
1273 4169 1378 4241 dante
1393 4168 1550 4260 Domino,
1563 4167 1692 4262 acqui-

279 4296 438 4370 sierimus
461 4317 524 4369 nos
550 4305 586 4369 et
609 4295 754 4370 heredes
769 4304 830 4370 aut
846 4317 1061 4370 successores
1079 4295 1187 4368 nostri
1203 4295 1239 4366 in
1255 4314 1362 4388 regno
1378 4291 1568 4365 secundum
1592 4291 1692 4366 ordi-

279 4423 453 4496 nationem
480 4429 631 4494 uostram
655 4430 691 4495 et
714 4423 811 4496 curie
834 4433 951 4496 nostra
978 4421 1169 4512 statuendi,
1196 4441 1260 4492 nec
1286 4419 1323 4490 in
1352 4417 1492 4489 introitu
1518 4419 1691 4512 usquein

280 4547 377 4619 exitu
392 4546 589 4619 nullatenus
602 4543 686 4620 dure
701 4547 950 4644 compellantur
970 4568 1035 4620 nec
1054 4545 1120 4642 ipsi
1135 4545 1238 4618 etium
1254 4543 1388 4616 solvere
1405 4551 1596 4616 teneantur.
1614 4543 1692 4618 Vo-

280 4671 396 4745 lumus
409 4672 565 4769 insuper,
584 4672 767 4746 statuimus
783 4681 818 4745 et
829 4673 995 4766 jubemus
1017 4670 1113 4766 qnod
1129 4671 1318 4744 lundenses
1335 4667 1537 4743 habeantet
1553 4679 1692 4744 teneant

378 4795 406 4858 l.
1514 4803 1533 4857 9
