4334 5980
538 547 599 608 212
1043 555 1258 616 inionnici
1286 554 1459 616 snconni
1763 555 1844 635 [Aru.
1863 555 1945 615 isia.

543 692 750 777 perpetuum
782 683 1026 760 confirmamus
1052 688 1153 764 vobis
1176 699 1212 764 et
1236 688 1424 764 heredibus
1448 687 1573 762 vestris
1593 688 1799 764 [schitellam
1816 711 1947 764 necnon

545 806 764 890 Quarteriom
786 817 820 882 et
838 809 1042 903 Senonum,
1066 834 1137 907 quc
1159 813 1205 888 dc
1225 813 1446 888 concessione
1463 811 1603 886 Matthei
1620 811 1762 888 &odiis
1785 815 1950 888 hacmnus

543 929 716 1020 tenuistis,
732 941 814 1022 etc,
835 943 900 1006 etc.

591 1055 715 1126 Actum
736 1057 935 1153 tenneli),
956 1078 1047 1132 anno
1067 1056 1262 1157 [dominice
1279 1057 1541 1158 incarnationis]
1559 1059 1719 1150 nicenii,
1741 1082 1859 1134 mense
1873 1083 1948 1134 nm-

543 1178 606 1272 dii,
627 1179 689 1250 XV
704 1179 905 1271 indictione,
924 1174 1016 1257 anno
1035 1183 1133 1278 regni
1149 1183 1263 1258 Sicilie
1281 1184 1332 1281 (o)
1348 1185 1425 1258 xiv
1430 1237 1605 1258 ......

448 1773 460 1804 ⁶
593 1754 805 1838 Fridericus
833 1781 901 1838 rex
932 1753 1100 1862 Siciliae,
1129 1755 1168 1837 in
1200 1755 1459 1840 Romanorum
1491 1756 1756 1864 imperatorem
1787 1755 1944 1860 electus,

539 1887 725 1997 promittit
755 1915 823 1998 per
844 1888 1105 1998 juramentum
1132 1890 1171 1972 in
1200 1891 1328 1972 anima
1350 1917 1421 1972 sua
1443 1915 1483 1972 se
1502 1888 1815 1972 confirmaturum
1833 1915 1947 1973 com-

541 2019 649 2102 muni
666 2020 808 2103 lanuae
824 2019 1062 2132 privilegien
1084 2023 1435 2134 praedecessoribus
1463 2021 1542 2105 suis
1568 2021 1718 2105 indulta
1741 2048 1830 2105 cum
1852 2023 1947 2134 qui-

538 2153 704 2241 busdam
721 2155 855 2236 castris
872 2165 910 2238 et
927 2164 1006 2238 toto
1023 2153 1135 2239 fodro
1154 2181 1177 2236 a
1195 2154 1337 2239 fossato
1363 2156 1412 2238 de
1435 2155 1628 2239 Atrenolio
1650 2181 1773 2266 usque
1792 2156 1841 2238 od
1858 2155 1946 2242 Mo-

537 2315 692 2396 nocum,
704 2289 977 2399 polliceturque
991 2315 1031 2372 sc
1049 2289 1171 2372 eidem
1190 2289 1404 2373 soluturum
1419 2315 1556 2374 norem
1574 2290 1695 2372 millia
1713 2301 1751 2373 et
1766 2292 1947 2374 ducentas

538 2451 619 2510 auri
640 2449 784 2508 uncias.

618 2643 737 2716 (incdit.
753 2659 791 2702 ex
804 2647 990 2717 transumpto
1007 2643 1038 2702 in
1060 2657 1239 2719 pergamena
1254 2647 1413 2702 montaneo
1433 2659 1523 2720 penes
1539 2641 1672 2716 Anood,
1687 2659 1782 2704 unum
1804 2661 1842 2704 cx
1861 2645 1946 2706 sociis

656 2749 747 2812 Acad.
762 2751 895 2824 inscript.
909 2754 939 2808 et
959 2747 1042 2808 hum.
1063 2748 1166 2822 litter„
1180 2753 1210 2808 et
1229 2765 1267 2808 ex
1286 2745 1359 2809 libro
1368 2749 1486 2829 jamtum
1503 2749 1587 2810 MSS.
1606 2751 1637 2810 in
1655 2749 1795 2812 Biblioth.
1816 2752 1944 2812 univers.

654 2857 823 2928 tunnensis,
838 2855 890 2916 toi.
911 2855 1173 2918 increementa
1189 2871 1278 2916 aurea
1296 2873 1373 2934 quaa
1393 2857 1590 2918 instrumento
1603 2855 1789 2934 appendebat
1801 2855 1860 2918 init
1871 2874 1946 2917 anno

658 2970 734 3024 itis
749 2962 912 3040 descripta,
927 2967 961 3022 ot
974 2962 1126 3039 sequitur:
1140 2981 1155 3019 c
1168 2957 1205 3021 Et
1221 2963 1253 3022 in
1271 2962 1402 3038 predicto
1424 2964 1522 3042 sigilio
1540 2963 1579 3024 ab
1598 2979 1658 3024 nna
1678 2969 1760 3040 parte
1774 2969 1838 3025 crat
1852 2963 1946 3024 forma

654 3067 726 3130 dicti
735 3070 812 3146 regia
825 3069 878 3146 qni
891 3065 1011 3128 sedabat
1023 3069 1055 3127 in
1069 3067 1209 3128 cathedra
1221 3084 1290 3129 cum
1303 3085 1392 3146 poam
1405 3071 1437 3129 in
1448 3085 1550 3142 manu,
1559 3075 1590 3129 et
1600 3069 1855 3146 circumscriptum
1865 3079 1943 3131 erat:

655 3193 837 3238 monnicae
857 3192 909 3236 nar
929 3191 1042 3235 enirm
1062 3191 1122 3235 nrx
1142 3191 1267 3249 simun,
1280 3193 1417 3237 nnmrns
1434 3193 1545 3237 anunm
1564 3193 1602 3235 rr
1622 3192 1820 3236 remurinus
1838 3193 1944 3238 mnus.

654 3283 702 3346 Ab
723 3283 783 3345 alia
802 3289 885 3362 parta
906 3288 970 3344 crat
991 3287 1134 3356 munio,
1151 3287 1182 3342 et
1202 3283 1280 3342 cuca
1303 3283 1401 3360 ipsum
1418 3289 1571 3344 casluim:
1586 3297 1714 3342 aaaron
1732 3297 1857 3356 arcuna
1870 3283 1946 3344 drea

655 3392 785 3472 sigiiium
800 3407 809 3450 a
824 3407 969 3452 omnus
988 3405 1107 3461 rmcrr,
1120 3405 1266 3452 cnmrus
1286 3405 1417 3463 amatr,
1433 3405 1577 3450 cnamros
1597 3391 1786 3462 memrot

586 3583 625 3654 ln
645 3581 783 3655 nomine
799 3580 949 3654 Domini.
972 3577 1095 3652 Amen.
1116 3579 1186 3652 Nos
1202 3577 1403 3652 Fredericns
1420 3577 1484 3652 Dei
1503 3577 1611 3672 gratia
1633 3597 1696 3649 rex
1713 3575 1850 3666 Sicilie,
1875 3575 1945 3649 du-

537 3707 640 3781 dotus
655 3705 780 3800 Apulis
795 3713 830 3776 et
846 3703 1057 3799 principatus
1075 3701 1190 3798 Cepne
1203 3711 1238 3774 et
1250 3703 1286 3774 in
1299 3703 1528 3775 Romanorum
1547 3699 1784 3796 imperatorem
1802 3699 1942 3788 electus,

539 3829 770 3929 promittimus
790 3827 890 3900 vobis
907 3826 1107 3900 consulibus
1129 3827 1323 3900 communis
1335 3813 1469 3915 'lanua,
1486 3823 1648 3896 videlicet
1664 3819 1844 3896 Guillelmo
1858 3823 1944 3894 Em-

537 3956 673 4040 briacc,
694 3953 869 4027 Bonilacio
885 3951 930 4024 dc
949 3953 1062 4040 Volta,
1082 3951 1266 4026 willielmo
1284 3949 1446 4042 Guercio,
1466 3949 1605 4023 Nicoiao
1622 3947 1745 4039 Aonie,
1765 3946 1944 4022 Guillelmo

578 4135 620 4216 (c)
640 4133 761 4215 Legitur
772 4149 822 4210 ap.
835 4133 958 4194 &mro
971 4149 1049 4193 cono
1060 4131 1177 4213 imperti
1190 4140 1225 4192 it
1242 4149 1250 4192 ι
1266 4130 1347 4209 quod
1360 4131 1481 4191 minime
1498 4128 1616 4189 admitti
1628 4131 1735 4205 potat.

1553 4287 1937 4300 annun-mm

573 4391 612 4464 (l)
631 4389 721 4449 Primo
734 4389 778 4448 die
789 4389 853 4446 mail
865 4389 976 4448 laruam
989 4388 1119 4464 applicuit
1130 4387 1298 4460 indanicos,
1310 4385 1424 4446 ubilero
1440 4401 1490 4460 per
1507 4390 1564 4442 tres
1575 4397 1684 4440 menses
1697 4396 1800 4440 moram
1811 4380 1874 4454 egit.
1885 4379 1944 4438 iluc

536 4489 668 4548 advenere
681 4487 750 4546 dzzo
763 4487 880 4546 marchio
892 4487 1028 4556 mensis,
1042 4488 1138 4544 Petrus
1148 4485 1345 4556 Traverserius,
1358 4499 1450 4542 comcs
1462 4483 1553 4542 Sancti
1565 4479 1691 4539 Bomiacii
1701 4485 1730 4536 et
1739 4477 1860 4536 mamhio
1868 4477 1942 4536 Hon-

535 4585 674 4657 lisierraii,
687 4585 830 4644 transitum
841 4586 901 4662 ejus
911 4586 1069 4644 maronam
1086 4599 1173 4659 usquc
1182 4583 1310 4659 paraturi.
1320 4581 1361 4640 ci.
1371 4582 1471 4638 Onnau
1489 4580 1575 4638 Parus
1593 4575 1705 4646 iacal..
1720 4590 1764 4651 ap.
1779 4575 1941 4644 nisurum,

534 4683 681 4758 Scriptor„
697 4689 716 4741 t.
726 4683 771 4754 vi,
784 4702 811 4759 p.
824 4683 1024 4743 ida-Gur.
1033 4683 1165 4754 Fiam,
1178 4681 1263 4750 illd,
1275 4687 1296 4739 t.
1310 4681 1365 4752 xi,
1377 4696 1405 4754 p.
1419 4680 1481 4760 dlii.
