4434 5942
241 529 338 590 lnntfl.
354 526 399 605 4.]
690 522 888 584 HISTORIA
913 521 1205 584 nlpnottll'rlclt
1614 515 1655 578 57

240 662 371 758 quibus
383 661 413 734 si
427 660 506 755 quis
520 657 700 733 convictus
711 659 770 732 vel
782 660 959 732 confessus
972 658 1087 750 inerit,
1099 658 1206 731 vitam
1219 667 1280 730 aut
1288 657 1481 730 membrum
1499 658 1654 730 amittere

243 787 381 862 debeat.
395 785 452 858 Ad
465 785 572 877 hujus
588 791 705 858 autem
727 794 845 857 nostre
860 784 1091 858 concessionis
1109 783 1308 856 memoriam
1325 792 1359 856 et
1376 783 1574 856 inviolabile
1589 779 1654 854 fir-

243 918 474 999 mamentum,
495 931 636 1004 presens
649 907 870 1004 privilegium
887 930 949 1004 per
966 930 1091 982 manue
1103 909 1244 983 Matthei
1263 907 1309 982 da
1327 909 1468 980 Salerno
1484 909 1606 983 notarii
1620 918 1654 981 et

245 1033 358 1114 fidelis
376 1034 483 1108 nostri
505 1033 608 1106 scribi
633 1053 675 1106 ac
695 1033 882 1124 majestatis
899 1033 1013 1106 nostre
1033 1034 1147 1128 sigillo
1168 1033 1341 1129 pontionis
1364 1034 1533 1127 jussimus
1557 1055 1656 1108 com-

244 1159 391 1247 muniri,
408 1179 513 1248 anno,
534 1179 653 1232 mense
665 1167 700 1230 et
711 1157 898 1231 indictione
914 1157 1128 1252 subscriptis.

294 1287 420 1358 Datum
443 1284 479 1354 in
504 1283 591 1355 urbe
611 1282 701 1356 felici
721 1283 880 1356 Panormi
900 1303 960 1376 per
985 1303 1127 1354 manum
1146 1281 1308 1354 Gualterii
1325 1282 1422 1377 regni
1441 1282 1557 1356 Sicilie
1574 1305 1658 1356 can·

247 1408 393 1498 cellarii,
414 1428 505 1482 anno
525 1407 697 1482 dominice
719 1407 964 1480 incarnationis
979 1405 1159 1478 millesimo
1172 1405 1427 1498 ducentesimo,
1447 1429 1565 1481 mense
1580 1431 1659 1505 sep·

247 1531 392 1623 tembri,
423 1531 480 1604 lv·
509 1529 718 1618 indictione,
743 1531 841 1624 regni
867 1551 950 1602 vero
974 1529 1105 1603 domini
1133 1530 1239 1602 nostri
1268 1529 1432 1604 Friderici
1459 1531 1521 1604 Dei
1552 1533 1660 1626 gratia

248 1654 456 1728 serenissimi
474 1655 566 1748 regis
585 1653 716 1745 Sicilie,
733 1653 882 1728 ducatus
898 1652 1023 1748 Apulia
1039 1663 1075 1726 et
1091 1653 1304 1748 principatus
1325 1653 1461 1749 Capua,
1487 1666 1662 1730 cuncter

251 1779 318 1868 cio,
336 1778 490 1852 feliciter.
510 1779 634 1852 Amen.

308 2337 551 2424 Innocentius
581 2363 682 2448 papa
712 2335 966 2421 familiaribus
1001 2337 1102 2450 regis
1137 2336 1286 2422 Siciliae
1320 2337 1467 2424 inhibet
1501 2366 1550 2423 ue
1584 2341 1671 2452 quis
1789 2422 1798 2452 r

257 2499 390 2560 corum
417 2474 498 2556 sine
524 2471 687 2556 eliorum
716 2497 904 2556 consensu
933 2471 1054 2554 ardua
1080 2472 1189 2584 regni
1215 2473 1366 2584 negotia
1395 2473 1582 2584 explicare
1612 2473 1672 2556 vel

259 2606 471 2718 quidquam
493 2609 541 2691 de
567 2605 660 2692 fisco
681 2606 872 2718 percipere
893 2615 1132 2715 praesumat,
1151 2606 1383 2716 praecipiens
1405 2615 1449 2690 ut
1470 2607 1579 2690 nulle
1598 2634 1674 2716 pax

260 2767 350 2824 cum
367 2739 585 2826 Maroualdo
602 2741 750 2826 devicto
767 2739 854 2848 fiat,
871 2741 938 2824 sed
954 2767 1044 2824 eum
1062 2740 1258 2826 Saracenis
1276 2741 1503 2826 reformetur
1519 2741 1551 2824 si
1570 2741 1676 2828 suffi-

259 2875 421 2960 cientem
448 2875 662 2960 centionem
684 2875 950 2987 praestiterint.

344 3091 433 3174 (Edit.
450 3093 481 3153 ln
497 3089 575 3154 aar.
586 3094 733 3156 rement.
748 3093 803 3168 Ill,
819 3110 883 3171 cap.
901 3091 1021 3168 xxx1;
1037 3097 1068 3153 et
1079 3093 1179 3154 mlnur
1192 3094 1306 3172 integre
1319 3109 1368 3172 ap.
1383 3091 1677 3173 Rnumnu.,llnacl.

382 3197 490 3276 aclea,
503 3205 528 3260 t.
543 3199 573 3275 I,
589 3217 620 3279 p.
636 3207 691 3275 ta,
708 3199 797 3282 §Vh
813 3201 850 3262 ad
864 3217 935 3262 ann.
953 3203 1056 3276 120⁰.)

285 3393 286 3398 '
313 3389 545 3482 innocentius,
567 3397 650 3480 etc,
666 3390 895 3466 familiaribus
911 3391 1005 3486 regis
1022 3391 1150 3484 Sicilie,
1172 3399 1239 3466 etc.
1257 3391 1484 3466 Probibemus
1497 3399 1536 3464 ut
1553 3389 1679 3464 dema-

267 3513 366 3587 nium
380 3515 472 3610 regis
488 3515 684 3588 nullatenus
704 3515 917 3590 distrahatur
934 3537 999 3590 nec
1017 3517 1117 3590 titulo
1140 3517 1296 3613 quolibet
1312 3516 1496 3612 obligetur,
1515 3515 1582 3587 nisi
1600 3516 1680 3588 evi-

267 3640 467 3716 dentissimo
484 3651 629 3737 urgente
647 3642 869 3733 necessitate,
889 3651 1007 3738 utpote
1025 3643 1054 3716 si
1071 3643 1262 3718 exercitum
1280 3652 1370 3716 terre
1389 3643 1447 3716 vel
1463 3643 1549 3715 mari
1568 3664 1679 3738 opor-

267 3771 336 3850 teat
352 3765 572 3858 congregari3
591 3776 627 3838 et
641 3773 729 3839 tunc
742 3764 938 3840 redditibus
955 3775 1095 3862 propter
1111 3766 1178 3840 boc
1195 3766 1330 3862 pignori
1346 3766 1519 3862 obligatis,
1540 3778 1681 3864 accepta

270 3888 418 3982 pecunia
442 3888 479 3960 in
503 3890 672 3983 obsequio
696 3889 793 3984 regio
820 3911 881 3986 per
908 3911 1033 3964 manus
1059 3891 1319 3966 secretariorum
1343 3893 1472 3966 utiliter
1497 3895 1682 3988 expenda-

271 4011 366 4106 tur(l
375 4012 401 4108 ).
413 4013 627 4088 Presantium
638 4036 779 4110 quoque
790 4023 909 4089 tencre
923 4015 1091 4090 duximus
1104 4015 1334 4090 inhibendum
1347 4025 1387 4089 ut
1398 4017 1515 4089 nullus
1526 4027 1680 4090 vestrum

307 4264 345 4340 (4)
364 4267 423 4324 lam
436 4283 507 4326 anno
519 4269 697 4343 praecedente
714 4270 749 4328 de
765 4269 809 4328 bis
828 4271 982 4346 providerat
995 4272 1180 4342 Innocentius,
1194 4271 1291 4330 litteris
1310 4271 1504 4342 Panormitano,
1519 4269 1618 4328 Mende
1630 4273 1681 4328 lte-

271 4361 337 4434 gals
349 4369 377 4419 et
390 4365 553 4424 Messanensi
569 4367 791 4443 archiepiscopis,
813 4368 940 4443 episcopo
958 4371 1072 4442 Trojano
1093 4369 1168 4442 regni
1189 4369 1346 4427 cancellario
1365 4375 1394 4426 et
1415 4368 1497 4426 nobili
1519 4369 1577 4425 viro
1597 4370 1626 4426 B.
1648 4370 1682 4426 de

272 4459 346 4517 Lucii
357 4462 464 4536 scriptis
474 4469 504 4521 ut
517 4465 552 4522 de
564 4465 644 4523 bonis
655 4467 730 4540 regni
742 4483 758 4524 a
772 4483 802 4524 se
816 4467 930 4525 alienata
943 4483 1070 4525 revocare
1081 4467 1234 4537 studerent;
1249 4467 1409 4541 praesertim
1421 4482 1484 4523 cum
1496 4465 1683 4526 distractiones

275 4555 426 4631 hujusmodi
441 4560 498 4618 llari
515 4563 549 4620 ad
562 4563 683 4638 ipsorum
695 4565 777 4623 ctiam
793 4581 890 4640 preces
902 4565 999 4624 litteris
1016 4565 1170 4641 apostolicis
1187 4565 1309 4624 inhibere
1325 4566 1482 4626 curavisset.
1497 4567 1594 4624 Datum
1607 4569 1684 4626 Late·

273 4655 348 4727 rani,
362 4655 383 4714 V
396 4656 523 4718 kalendas
534 4660 654 4720 octobris
667 4663 711 4738 (27
722 4668 793 4740 sept.
809 4665 901 4738 4499),
915 4663 1043 4739 Epistol,
1058 4663 1106 4722 lib.
1121 4665 1157 4736 ll,
1171 4674 1202 4720 n⁰
1213 4666 1274 4721 l8'l.

352 4755 377 4818 t
1507 4774 1525 4829 s
