4378 5954
495 465 554 526 lto
994 466 1210 530 balbulum
1234 465 1408 529 sacuam
1716 463 1796 544 [An.
1814 463 1902 528 lade

495 599 609 694 galem
633 599 854 697 prudentiam
870 601 1017 678 fideliter
1037 602 1275 695 exhortamur,
1297 601 1442 675 sollicite
1467 610 1721 674 commonentes
1741 603 1905 697 quatinus

497 744 610 798 moras
630 725 773 798 ulterius
790 747 860 800 non
878 728 1056 801 innectens
1071 727 1119 802 ad
1133 727 1466 802 consummationem
1479 723 1585 819 hujus
1605 725 1734 820 nogotii
1751 726 1906 801 studioso

497 847 680 946 procedas,
697 849 782 945 quia
796 851 899 946 longe
911 852 1023 945 majus
1040 875 1147 948 mam
1160 853 1329 928 hactenus
1343 850 1407 923 tibi
1420 849 1549 922 ostium
1564 857 1618 922 est
1629 859 1799 945 apertum.

545 975 671 1048 Datum
689 975 786 1066 Sora,
804 977 849 1050 vl
865 976 945 1053 idus
963 978 1117 1072 augusti,
1134 975 1355 1075 pontificatus
1373 974 1480 1048 nostri
1501 995 1593 1048 anno
1609 973 1805 1049 undecimo.

1077 1243 1333 1257 a*

886 1493 1001 1555 ANNO
1026 1491 1125 1555 1209.
1148 1525 1189 1540 -
1208 1478 1451 1554 luotcrtoue
1477 1491 1528 1554 12

358 2039 406 2077 ter·
554 2011 796 2096 Innocentius
827 2039 927 2124 papa
957 2013 1146 2097 Friderioo
1173 2015 1254 2124 regi
1281 2013 1431 2099 Siciliae
1452 2013 1691 2097 vehementer
1711 2009 1913 2120 exprobrat

500 2144 624 2254 quod,
639 2145 908 2228 Panormitano
924 2144 1082 2228 ecclesia
1098 2155 1250 2254 pastore
1265 2145 1440 2254 viduata,
1455 2145 1657 2228 canoniam
1674 2169 1788 2254 super
1804 2142 1909 2228 eleo-

500 2277 603 2360 tione
621 2277 669 2360 ad
690 2277 827 2362 Sedem
844 2277 1102 2388 Apostolicam
1122 2278 1356 2390 appellantes
1373 2284 1414 2360 in
1432 2279 1588 2363 exilium
1606 2277 1775 2390 relegare
1791 2303 1910 2388 pree-

501 2411 724 2518 sumpserit3
752 2434 1045 2522 memoransquc
1071 2421 1275 2495 macutum
1300 2413 1400 2496 inter
1420 2438 1461 2494 se
1486 2421 1525 2495 et
1551 2411 1811 2494 Constantiam
1827 2410 1910 2492 im-

500 2543 724 2652 peratricem
746 2544 796 2627 de
816 2543 1063 2628 electionibus
1083 2543 1279 2652 habitum,
1300 2547 1460 2628 mandat
1484 2559 1529 2628 ut
1553 2568 1653 2655 quae
1677 2543 1913 2631 attentaverit

500 2685 700 2760 restauret.

583 2892 682 2972 (Edld.
697 2895 834 2970 Banun,
847 2893 946 2974 Epist.
961 2895 1062 2956 1nnoe.
1077 2895 1132 2970 111,
1144 2895 1198 2959 llb.
1211 2897 1272 2972 XI,
1282 2907 1317 2958 n⁰
1332 2905 1403 2972 208,
1413 2901 1438 2959 t.
1450 2897 1500 2968 n,
1513 2913 1543 2974 p.
1560 2894 1645 2976 ato.)

551 3081 790 3172 Innocentius,
815 3091 903 3170 ete,
922 3080 1100 3155 carissimo
1121 3082 1158 3153 in
1177 3081 1308 3156 Christo
1327 3079 1398 3156 fibo
1413 3080 1586 3156 Friderico
1610 3080 1736 3154 illustri
1755 3080 1828 3175 regi
1852 3079 1913 3154 Si·

504 3207 601 3297 oilie,
625 3215 692 3280 etc.
719 3207 775 3280 Ex
802 3215 920 3280 tenore
945 3204 1135 3278 litterarum
1161 3214 1300 3278 tuarum
1325 3205 1451 3280 nostris
1475 3215 1529 3280 est
1551 3204 1696 3280 auribus
1720 3205 1914 3278 intimatum

504 3329 616 3427 quod,
635 3330 876 3404 Panormitana
898 3331 1043 3404 ecclesia
1059 3330 1203 3406 viduata
1219 3339 1375 3428 pastore,
1396 3330 1587 3426 capitulum
1603 3328 1761 3423 ejusdem
1774 3329 1916 3403 ecclesie

504 3455 569 3527 tibi
597 3455 795 3529 multotiens
822 3455 1061 3551 supplicarunt
1088 3463 1127 3526 ut
1153 3455 1204 3526 eis
1231 3454 1415 3550 praeberes
1437 3454 1609 3528 licentiam
1633 3451 1831 3551 pontificem
1854 3452 1916 3526 eli·

507 3577 632 3671 gendi3
653 3577 783 3674 quibus
812 3599 891 3650 cum
918 3576 1058 3651 tandem
1086 3577 1276 3672 benignum
1302 3577 1500 3674 prebuisscs
1524 3599 1722 3671 assensum,
1747 3575 1917 3652 mandans

507 3701 639 3776 eisdem
658 3712 697 3774 ut
713 3703 873 3776 invocata
892 3703 1040 3799 Spiritus
1057 3703 1171 3776 Sancti
1185 3703 1299 3798 ¹{gratia
1317 3703 1355 3776 iu
1372 3725 1554 3798 porsonam
1574 3701 1736 3778 idoneam
1753 3699 1917 3776 conveni·

509 3833 599 3916 rent,
618 3835 749 3918 cautor,
764 3836 946 3900 succentor
966 3834 1002 3899 et
1022 3825 1167 3920 quidam
1183 3827 1273 3902 alius
1288 3847 1311 3902 a
1327 3827 1470 3924 reliquis
1485 3825 1685 3902 medentes
1704 3826 1774 3900 tuis
1790 3824 1917 3920 jussio·

509 3951 615 4024 nibus
631 3951 845 4038 restiterunt,
861 3951 939 4044 ejus
955 3951 1195 4026 concanonicis
1212 3951 1409 4028 inhibentes
1425 3973 1471 4026 ne
1485 3951 1532 4028 ad
1548 3951 1816 4026 nominationem
1834 3971 1919 4046 pro-

510 4075 691 4167 cederent,
715 4074 762 4149 ad
787 4075 912 4150 Sedena
933 4075 1166 4172 Apostolioam
1186 4076 1407 4174 appellando.
1426 4079 1538 4174 Super
1553 4097 1625 4172 quo
1645 4086 1684 4148 tu
1699 4075 1920 4150 vehementer

513 4209 723 4292 commotus,
756 4199 955 4296 disposuisti
984 4202 1106 4274 acriter
1130 4201 1166 4273 in
1197 4223 1360 4295 personas
1385 4223 1505 4275 eorum
1531 4199 1693 4294 injuriam
1719 4197 1919 4294 hujusmodi

513 4324 711 4413 vendicare,
726 4325 790 4399 sod
807 4347 869 4422 pro
883 4328 1075 4399 reverentia
1087 4335 1203 4400 nostra
1218 4335 1254 4399 et
1271 4324 1402 4399 ordinis
1420 4325 1589 4400 clericalis
1602 4335 1698 4398 motu
1710 4323 1818 4397 ammi
1833 4333 1920 4396 tom·

515 4459 646 4547 pereto,
664 4451 777 4524 solum
797 4451 847 4524 eis
865 4451 1011 4524 exilium
1029 4448 1200 4543 indixisti,
1222 4461 1261 4523 ut
1275 4450 1321 4525 de
1333 4462 1446 4526 cetero
1463 4451 1500 4523 in
1513 4472 1621 4546 regno
1632 4459 1693 4522 tuo
1707 4447 1919 4546 malignandi

514 4574 691 4648 materiam
713 4596 784 4648 non
807 4575 989 4668 baberent3
1009 4575 1105 4670 quod
1120 4577 1166 4649 ob
1187 4575 1254 4650 boo
1270 4577 1370 4651 nobis
1391 4573 1586 4672 significare
1608 4575 1755 4667 curasti,
1774 4595 1819 4648 ne
1843 4594 1921 4671 per·
