4382 5946
248 547 348 610 Innrcr.
367 541 409 629 a]
698 547 896 610 HISTORIA
920 547 1214 611 nrrnontnrtcn.
1599 547 1660 610 309

327 681 493 760 (Memorat
504 697 553 760 ap.
564 681 811 759 Koucsnonm,
823 681 917 745 cccl.
933 682 981 746 du
994 681 1086 746 Ilicet
1099 679 1231 763 setun
1243 679 1371 760 Kreutz,
1383 695 1451 758 pars
1464 679 1519 754 III,
1529 697 1561 758 p.
1574 681 1653 760 aet.)

296 870 422 940 Datum
438 867 555 958 Ulme,
575 890 668 943 anno
686 868 857 944 dominice
874 867 1121 942 incarnationis
1137 865 1311 958 dccxlv,
1328 866 1358 938 V
1380 863 1544 939 kalendas
1557 867 1652 958 jntii,

247 989 436 1064 indictione
451 990 618 1064 secunda.

300 1583 530 1690 Fridericus‚
545 1581 806 1666 Romanorum
823 1607 910 1690 rex,
926 1582 977 1665 ad
988 1581 1238 1666 Imitationem
1255 1581 1380 1690 patrui
1399 1582 1458 1664 sui
1475 1582 1653 1667 Fn'derici

246 1715 355 1799 ducis
373 1715 600 1824 Suanorum,
614 1715 888 1798 monasterinm
906 1715 955 1798 dc
971 1715 1187 1798 Petridomo
1206 1715 1321 1797 situm
1338 1716 1378 1798 in
1395 1715 1521 1801 littore
1533 1717 1653 1801 Rheni

247 1850 351 1960 apud
369 1849 629 1935 Constantiam
649 1875 738 1933 cum
760 1849 947 1932 uniuersis
969 1847 1052 1958 ejus
1073 1848 1184 1934 bonis
1205 1847 1245 1931 in
1270 1849 1470 1958 specialem
1495 1863 1653 1961 protec-

245 1983 389 2067 tionem
406 2007 516 2066 suam
534 1981 678 2090 recipit.

328 2199 426 2273 (nnn.
444 2199 561 2275 Lumo,
575 2195 783 2278 nemete,
802 2205 826 2261 t.
848 2199 967 2274 XVIII,
981 2216 1012 2278 p.
1024 2203 1107 2274 ⁴12.)

279 2385 475 2459 Fridericus
491 2387 667 2462 secundus
681 2389 743 2462 Dei
763 2389 872 2482 gratia
887 2389 1116 2461 Romanorum
1135 2409 1198 2462 rex
1217 2396 1252 2460 et
1267 2409 1402 2483 semper
1418 2397 1603 2481 augustus,
1620 2399 1654 2461 et

244 2531 309 2582 rex
327 2509 454 2583 Sicilie.
485 2509 586 2584 Cordi
610 2511 711 2585 nobis
736 2521 788 2584 est
812 2511 1031 2586 ecclesiamm
1051 2511 1255 2584 utilitatibus
1273 2511 1502 2605 invigilarem
1519 2511 1565 2585 ad
1586 2513 1653 2585 bo-

246 2655 363 2708 norem
389 2633 450 2706 Dei
476 2635 696 2730 protectionis
718 2645 833 2708 nostre
855 2637 978 2732 clypeo
997 2637 1128 2731 jugiter
1152 2657 1211 2708 eas
1239 2635 1430 2708 defensare.
1463 2635 1652 2731 Eaproptcr

245 2758 417 2831 universis
434 2758 572 2855 imperii
589 2757 751 2832 fidelibus
769 2767 839 2832 tam
856 2759 1074 2854 presentibus
1091 2781 1197 2855 quam
1213 2759 1338 2831 futuris
1356 2759 1522 2832 duxImus
1539 2759 1652 2832 decla·

244 2881 392 2955 randum
404 2881 502 2978 qnod
512 2903 587 2972 nos,
598 2881 645 2956 ad
654 2881 877 2956 imitationem
892 2883 1071 2978 predilecti
1085 2883 1198 2979 patrui
1213 2883 1318 2957 nostri
1332 2881 1495 2956 Friderici
1509 2883 1566 2978 pie
1580 2905 1651 2956 me-

244 3006 352 3079 morie
368 3006 468 3080 ducis
483 3009 693 3095 Suevorum,
715 3027 777 3102 pro
799 3008 910 3080 salute
926 3026 1066 3101 quoque
1083 3017 1199 3080 nostra
1226 3015 1261 3079 et
1282 3005 1436 3080 remedio
1458 3007 1650 3079 animarum

243 3130 499 3226 progenitorum
517 3141 732 3222 nostrorum,
753 3130 945 3227 recepimus
969 3130 1006 3202 in
1033 3131 1216 3226 specialem
1237 3129 1481 3226 protectionem
1500 3139 1651 3203 nostram

244 3254 488 3328 monasterium
508 3253 554 3328 de
572 3253 766 3329 Petridomo
784 3254 889 3326 situm
905 3254 942 3326 in
960 3253 1057 3326 litore
1070 3254 1179 3326 Rheni
1197 3253 1293 3350 apud
1310 3253 1553 3346 Constantiam,
1569 3275 1649 3326 cum

243 3377 415 3450 universis
432 3378 533 3451 bonis
550 3377 623 3449 suls
640 3377 827 3449 mobilibus
841 3385 876 3450 et
889 3375 1124 3450 immobilibus
1137 3385 1172 3449 et
1185 3397 1264 3448 cum
1278 3373 1460 3470 mancipiIs
1472 3377 1651 3471 utriusque

242 3519 350 3572 sexus
364 3499 411 3574 ad
427 3499 522 3574 idern
540 3499 786 3574 monasterium
804 3500 1074 3596 pertinentibns;
1092 3499 1139 3574 ad
1154 3499 1322 3573 uberioris
1339 3499 1448 3594 gratie
1464 3509 1579 3573 nostre
1597 3502 1652 3572 in·

244 3621 374 3696 dicium
392 3625 458 3721 ipsi
477 3624 683 3699 monasterio
698 3623 920 3719 indulgentes
935 3633 974 3696 ut
987 3625 1198 3719 quicumque
1213 3644 1260 3697 ex
1276 3621 1437 3696 fidelibus
1452 3624 1577 3696 nostris
1590 3645 1652 3719 pro

241 3746 395 3822 remedio
412 3748 527 3822 anIme
550 3769 613 3822 sue
635 3746 802 3822 debonis
826 3749 950 3822 nostris
978 3749 1273 3843 patrimonialibus
1297 3748 1357 3820 vel
1378 3748 1481 3820 etiam
1508 3746 1651 3822 ducatui

240 3869 368 3945 Suesia
383 3871 607 3947 attinentibus
624 3870 758 3967 aliquid
786 3872 941 3945 conterre
957 3873 1127 3965 voluerit,
1147 3871 1254 3946 libere
1278 3871 1317 3946 id
1345 3873 1457 3945 tacere
1485 3872 1594 3968 possit
1617 3881 1652 3944 et

239 3993 316 4068 sinc
344 4016 531 4069 consensus
557 3995 663 4070 nostri
692 3995 934 4090 requisitione,
956 3995 1051 4092 ipsas
1067 3995 1269 4070 donationes
1295 4005 1411 4090 grates
1433 3995 1598 4068 babentes
1615 4003 1651 4067 et

238 4126 343 4191 ratas.
353 4116 409 4194 Ad
427 4121 527 4213 cnjus
542 4119 592 4192 rei
608 4129 735 4193 certam
755 4119 790 4190 in
809 4129 989 4216 posterum
1006 4118 1231 4208 evidentiam,
1245 4129 1440 4214 presentem
1458 4117 1540 4210 inde
1556 4117 1651 4213 pagi·

240 4263 321 4315 nam
340 4243 509 4317 conscribi
523 4244 691 4336 jussimus
708 4254 743 4317 et
759 4253 875 4317 nostre
891 4244 1077 4336 majestatis
1091 4243 1205 4338 sigillo
1222 4242 1439 4316 communiri.

290 4369 416 4440 Datum
433 4367 553 4456 Utme,
574 4389 665 4444 anno
682 4365 856 4440 dominice
878 4367 1121 4440 incarnationis
1138 4366 1319 4440 millesimo
1336 4364 1572 4440 ducentesimo
1587 4363 1650 4438 de·

236 4489 330 4565 cimo
344 4500 485 4588 quarto,
504 4491 549 4566 IV
564 4489 733 4566 kalendas
742 4491 843 4586 julii,
862 4491 1050 4566 indictione
1068 4491 1233 4565 wanda.

1719 1614 1820 1726 alid.
