4434 5942
263 524 365 586 horor.
380 519 425 605 4]
712 518 910 581 HISTORIA
933 516 1231 580 nlrnouarlca
1637 513 1678 578 63

262 669 299 736 el
313 657 503 733 rationibus
518 655 593 730 suis
610 655 764 750 integris.
784 653 840 730 Ad
856 657 963 750 bnjns
979 664 1096 730 antem
1112 651 1343 728 concessionis
1361 660 1395 725 et
1409 649 1676 724 confirmationis

130 785 136 794 '
264 786 415 856 loturam
433 781 635 856 memoriam
664 790 699 854 et
729 781 955 854 irrevocabile
981 779 1254 874 firmamentum,
1285 797 1427 874 presens
1453 775 1675 871 privilegium

262 906 367 980 scribi
384 915 418 978 et
442 905 631 998 majestatis
648 913 763 977 nostre
780 904 895 996 sigillo
909 904 1077 998 jussimus
1092 903 1316 994 communiri,
1337 921 1448 992 anno,
1469 919 1599 992 mense,
1619 899 1675 972 dic

262 1040 297 1106 et
314 1029 501 1104 indictione
518 1028 734 1124 subscriptis.
1267 1035 1270 1040 “
1595 1022 1599 1031 ’

309 1157 436 1228 Datum
458 1154 495 1226 in
520 1153 613 1227 lelici
638 1153 724 1226 nrbe
741 1151 900 1227 Panormi
923 1175 985 1250 per
1005 1174 1132 1226 manns
1150 1150 1315 1224 Gnallerii
1333 1149 1430 1244 regni
1448 1149 1563 1222 Sicilie
1588 1170 1675 1221 can-

262 1279 413 1371 cellarii,
434 1299 528 1352 anno
549 1278 793 1352 incarnationis
814 1277 987 1352 dominice
1004 1277 1104 1368 MCC,
1122 1299 1242 1350 mense
1259 1275 1475 1366 novembris,
1496 1276 1541 1347 lv
1558 1273 1675 1346 indic-

263 1403 383 1495 tionis,
408 1403 507 1497 regni
532 1423 616 1476 vero
642 1401 773 1476 domini
799 1403 906 1477 nostri
931 1402 1095 1476 Friderioi
1118 1403 1181 1476 Dei
1208 1403 1319 1497 gratia
1341 1400 1561 1474 illustrissimi
1583 1401 1675 1491 regis

262 1529 390 1622 Sicilie,
409 1527 560 1602 ducatus
576 1526 704 1624 Apulis
717 1536 752 1600 el
769 1528 981 1624 principatus
995 1527 1112 1624 Capnc
1128 1549 1220 1600 anno
1236 1528 1292 1598 lll.

479 1835 1207 1848 *n--ss-*ffl—u———ffl—n—
1213 1833 1336 1845 naun—nn·-
1343 1831 1446 1846 -..ὴ-Ι-

312 2109 527 2196 Friderious
545 2137 612 2194 rex
629 2109 776 2194 Siciliae
794 2109 987 2220 Stephano
1004 2111 1177 2196 Paclcnsi
1195 2110 1371 2220 episcopo
1397 2109 1465 2220 qui
1490 2135 1561 2220 pro
1587 2134 1675 2192 ser·
1712 2135 1868 2243 efflue

260 2241 361 2326 vitiis
386 2244 467 2328 suis
490 2245 684 2330 Gnallerio
701 2245 928 2329 cancellario
947 2271 1018 2329 sno
1036 2245 1135 2328 XVII
1153 2245 1275 2328 millia
1291 2254 1511 2328 tarenorum
1528 2242 1677 2328 libera·
1732 2245 1850 2289 ml*

260 2375 346 2462 liter
361 2377 548 2485 exhibuit,
568 2379 810 2464 medietatem
827 2391 949 2464 terrae
978 2379 1069 2464 Nasi
1091 2404 1210 2488 quam
1228 2377 1358 2462 Abbas
1384 2379 1433 2462 de
1452 2379 1615 2464 Guerras
1642 2387 1680 2461 el

260 2510 475 2595 Pisanellns
502 2513 664 2596 Pisanus
695 2513 906 2622 proditores
939 2521 1161 2620 tenuerunt,
1182 2512 1355 2596 concedit
1385 2522 1422 2596 el
1452 2512 1571 2596 donat
1587 2538 1677 2596 cum

260 2643 442 2730 omnibus
456 2644 572 2755 justis
589 2647 806 2730 tenimentis
823 2657 860 2728 et
878 2647 1127 2755 pertinentiis.

343 2853 473 2928 (Edlder.
489 2857 671 2932 Memnoni,
685 2855 785 2937 Antip.
796 2851 866 2916 llol.
878 2809 950 2915 mdd.
962 2855 1035 2928 croi,
1046 2861 1070 2918 t.
1082 2855 1122 2932 V,
1133 2872 1164 2934 p.
1177 2863 1248 2930 657,
1261 2861 1291 2916 et
1301 2855 1337 2916 R.
1351 2856 1478 2932 Pinnos,
1488 2852 1566 2917 Sicil.
1583 2873 1675 2931 coma,

380 2967 404 3022 t.
419 2961 464 3036 ll,
479 2979 510 3040 p.
528 2971 603 3035 776;
618 2959 668 3022 blc
680 2978 752 3024 vero
765 2963 863 3024 minus
875 2963 1008 3044 integre.)

308 3146 494 3222 Fodericus
512 3149 633 3224 divina
651 3150 788 3222 favente
800 3149 983 3224 clementia
999 3173 1063 3223 rex
1076 3150 1205 3240 Sicilie,
1222 3149 1370 3224 ducatus
1382 3149 1510 3246 Apulis
1528 3161 1563 3224 el
1578 3151 1675 3246 prin·

260 3271 394 3368 cipatns
413 3270 543 3369 Capne.
566 3273 708 3346 Gratum
733 3275 878 3346 creatori
901 3296 1031 3346 munus
1052 3273 1228 3347 offerimus
1251 3297 1331 3347 cnm
1355 3273 1582 3348 sacrosanctis
1599 3275 1675 3366 ejus

259 3395 414 3469 ecclesiis
429 3397 526 3488 regie
545 3419 671 3470 manus
696 3397 918 3472 extendimus
944 3399 1120 3492 largitates
1142 3409 1177 3471 et
1201 3399 1269 3470 illis
1293 3399 1457 3496 precipue
1480 3421 1550 3494 que
1572 3399 1674 3474 nobis

260 3519 297 3591 in
322 3522 535 3597 necessitatis
552 3523 698 3599 articulo
716 3521 762 3596 de
788 3523 889 3596 bonis
911 3523 986 3614 ejus
1011 3523 1137 3596 devote
1161 3523 1307 3596 libenter
1327 3523 1411 3596 setis
1435 3531 1470 3596 et
1490 3524 1674 3598 liberaliter

259 3642 514 3738 subvener'nnl3
533 3621 581 3720 ad
598 3669 747 3742 quarum
763 3647 867 3720 etiam
887 3645 1148 3720 retributionem
1167 3648 1377 3743 condignam
1390 3652 1484 3744 justa
1501 3671 1564 3722 nos
1583 3651 1670 3722 ratio

258 3777 425 3864 provocat
445 3777 480 3844 et
496 3769 653 3844 honesta.
675 3769 760 3846 Inde
780 3781 833 3844 cel
857 3773 975 3867 itaque
997 3771 1093 3868 qnod
1118 3795 1198 3846 cnm
1227 3775 1400 3848 Pactensis
1425 3775 1569 3849 ecclesia
1597 3797 1675 3850 me·

259 3890 419 3966 dietatem
445 3902 535 3967 terre
559 3895 641 3968 ani
670 3895 787 3991 quiete
814 3903 945 3970 teneret
976 3918 1174 3970 concessam
1202 3899 1270 3973 sibi
1300 3921 1321 3972 a
1346 3900 1505 3974 felicibus
1533 3901 1674 3996 regibus

258 4017 562 4112 predecessoribus
579 4020 717 4109 nostris,
733 4041 796 4092 nos
812 4019 931 4094 divine
948 4021 1123 4094 charitatis
1139 4022 1265 4096 intuito
1278 4034 1313 4096 et
1326 4045 1390 4120 pro
1403 4033 1518 4098 nostra
1536 4034 1673 4098 nostro-

258 4161 407 4236 rumque
428 4149 611 4238 parcnlnm
629 4143 745 4216 inclite
770 4143 1016 4218 recordationis
1040 4147 1169 4237 salute,
1193 4167 1256 4242 pro
1276 4168 1318 4220 eo
1340 4149 1443 4221 etiam
1468 4149 1564 4243 qnod
1590 4151 1672 4221 Ste-

258 4261 396 4359 phanus
412 4265 624 4365 venerabilis
644 4268 818 4364 Paclensis
839 4269 1035 4364 episcopus,
1056 4269 1171 4343 fidelis
1187 4279 1316 4362 noster,
1333 4272 1369 4342 in
1384 4281 1500 4345 nostre
1514 4271 1671 4344 necessi-

257 4372 337 4464 tatis
351 4373 495 4464 articnlo
514 4391 684 4466 decernet
701 4375 832 4492 septem
850 4401 1046 4468 tarenorum
1063 4395 1170 4470 millia
1186 4395 1345 4469 exbibnit
1356 4393 1529 4468 Goellerio
1546 4393 1672 4468 dilecto

258 4513 453 4589 consiliario
468 4525 503 4590 el
518 4517 720 4592 cancellario
735 4516 833 4608 ‚firm
854 4529 968 4592 nostro
987 4540 1049 4614 pro
1065 4521 1214 4594 servitiis
1232 4521 1408 4595 nostriset
1424 4519 1623 4593 thesaurum
1637 4530 1673 4594 et

257 4639 326 4714 alie
345 4639 438 4716 bona
456 4643 602 4718 ecclesie
618 4664 682 4717 sne
707 4642 833 4718 devote
855 4645 937 4718 satis
957 4644 1145 4718 liberaliter
1161 4657 1196 4718 ct
1213 4646 1360 4719 libenter
1381 4644 1542 4742 exposuit
1558 4655 1593 4719 et
1609 4667 1672 4742 pro
