4334 5980
234 565 334 626 lrnrcr.
352 561 414 644 lt]
682 559 879 622 HISTORIA
906 559 1201 622 DlPLOlrlilTlCA.
1592 562 1649 622 l'l'l

233 699 439 771 remittimus
469 705 505 769 et
532 703 701 792 perpetuo
731 695 927 768 relaxamus
959 695 1073 769 eidem
1104 694 1249 768 ecclesie
1282 696 1396 768 Sancti
1430 694 1569 770 Andree
1599 697 1645 770 de

233 815 367 920 Pla[tia]
383 820 523 914 triginta
551 825 597 892 ct'
609 827 688 892 octo
715 819 843 891 salmas
866 818 1070 890 victualium
1094 819 1183 890 inter
1199 819 1408 892 frumentum
1424 828 1459 890 et
1478 818 1641 906 ordeum,

232 969 321 1040 quas
338 946 414 1042 ipsa
433 944 579 1018 ecclesia
597 941 644 1015 de
664 943 794 1016 cabella
818 942 1092 1016 molendinorum
1114 965 1255 1015 suorum
1280 965 1350 1037 que
1368 943 1472 1016 babet
1497 944 1533 1014 in
1557 944 1644 1016 teni·

233 1080 349 1143 mento
365 1070 499 1163 Ple[tie]
524 1067 702 1142 annuatim
720 1065 815 1138 curie
833 1076 948 1140 nostre
965 1067 1098 1140 solvere
1115 1068 1309 1140 tenebatur.
1328 1067 1385 1140 Ad
1404 1067 1507 1160 hujus
1528 1077 1643 1142 antem

234 1203 348 1266 nostre
366 1191 576 1265 remissionis
589 1201 625 1264 et
637 1190 859 1264 relaxationis
875 1190 1075 1262 memoriam
1090 1201 1125 1262 et
1142 1190 1247 1262 robur
1261 1201 1427 1286 perpetuo
1441 1191 1641 1282 valiturum,

233 1337 373 1410 precem
386 1313 621 1410 'privilegium
645 1335 707 1408 per
720 1323 849 1386 'manos
868 1311 1036 1386 Nioholai¹
1052 1312 1097 1386 de
1121 1314 1292 1408 Petrolila]
1320 1314 1443 1387 notarii
1469 1325 1504 1388 et
1531 1315 1643 1388 fidelis

234 1440 339 1512 nostri
366 1438 470 1512 scribi
491 1447 526 1512 et
549 1437 735 1531 majestatis
761 1445 878 1510 nostre
902 1437 1015 1530 sigillo
1038 1438 1255 1532 precepimus
1279 1439 1505 1527 communiri,
1530 1460 1640 1530 anno,

232 1584 351 1635 mense
367 1571 401 1635 et
419 1561 607 1634 indictione
624 1560 839 1655 subscriptis.

280 1687 404 1759 Datum
419 1686 574 1780 Pla[tie],·
590 1707 682 1758 anno
697 1684 871 1758 dominice
885 1683 1127 1756 incarnationis
1140 1683 1274 1775 MCCX‚
1292 1707 1409 1757 mense
1425 1686 1640 1780 septembris,
1771 1743 1774 1750 .

232 1810 310 1882 xlv
321 1810 521 1902 indictione,
537 1811 634 1904 re'gni
649 1831 732 1882 vero
746 1808 876 1882 domini
895 1809 1000 1881 nostri
1014 1807 1186 1882 Frederiei
1200 1809 1261 1880 Dei
1275 1809 1384 1902 gratia
1399 1810 1537 1902 gloriosi
1551 1812 1643 1904 regis

232 1934 366 2028 Sicilie,
386 1935 535 2008 ducatus
549 1934 675 2030 Apuli'e
692 1945 727 2007 et
742 1933 953 2028 principatus
971 1933 1087 2027 Capue
1113 1956 1204 2006 anno
1224 1933 1320 2023 Xlll‚
1343 1934 1494 2006 feliciter.
1516 1933 1639 2006 Amen.

460 2245 1407 2260 mon-w

284 2529 496 2612 Tridericus
513 2556 580 2611 rex
598 2528 759 2633 Siciliae,
778 2531 828 2612 ad
845 2555 973 2638 preces
993 2529 1184 2612 Guillelmi
1204 2529 1481 2636 Orlienticneis
1502 2533 1645 2642 magis·
1707 2559 1802 2660 pppp

231 2663 280 2745 tri
297 2665 436 2746 domus
454 2663 611 2746 militiae
628 2663 774 2772 Templi
792 2663 832 2744 iu
852 2663 997 2768 Sicilia,
1018 2662 1175 2744 remittit
1191 2662 1229 2742 in
1248 2673 1473 2772 perpetuum
1491 2665 1644 2746 unciam

232 2821 350 2878 unam
368 2797 451 2880 auri
469 2806 507 2879 et
524 2821 589 2878 sex
616 2795 758 2878 salmas
785 2795 963 2878 frumenti
981 2806 1020 2876 et
1036 2796 1163 2898 ordei,
1186 2821 1283 2906 quas
1308 2798 1446 2878 domus
1473 2796 1643 2905 ejusdem

232 2931 389 3014 militiae
401 2955 500 3040 quae
514 2941 572 3012 est
584 2929 623 3010 in
638 2929 796 3040 Aydcue
809 2928 937 3010 curiae
950 2953 1041 3010 suae
1055 2928 1254 3010 annuatim
1267 2929 1411 3012 solvere
1430 2929 1639 3014 tenebatur.

312 3146 428 3225 (Inedlt.
444 3161 483 3205 ex
495 3145 615 3206 archivo
629 3162 692 3224 reg.
707 3146 739 3206 S.
753 3145 884 3206 Severini
897 3162 945 3224 ap.
960 3147 1139 3223 Neapolim.)

278 3328 464 3404 Tederious
482 3330 602 3403 divina
618 3332 755 3402 favente
772 3329 952 3402 clementia
969 3351 1032 3402 rex
1048 3330 1174 3420 Sicilie,
1195 3329 1342 3403 ducatos
1357 3331 1483 3430 Apulie
1495 3343 1531 3407 et
1543 3335 1643 3432 prin·

232 3452 367 3549 cipatus
385 3453 512 3549 Capue.
536 3455 612 3540 Que
629 3455 853 3526 sacrosanctis
871 3465 905 3526 et
923 3453 1008 3526 locis
1024 3454 1280 3526 venerabilibus
1298 3457 1504 3552 largiuntur,
1525 3471 1559 3532 et
1581 3460 1644 3534 ho·

232 3577 386 3652 minibus
410 3587 491 3650 sunt
518 3587 659 3673 accepta
689 3587 723 3650 et
750 3579 962 3651 adsalutem
992 3577 1176 3672 proficiunt
1200 3579 1405 3652 animarum.
1433 3584 1502 3655 Nos
1527 3583 1645 3679 itaque

232 3701 446 3776 attendentes
459 3701 691 3775 venerandam
703 3703 901 3795 religionem
913 3713 947 3773 et
960 3701 1169 3776 laudabilem
1183 3705 1290 3777 vitam
1301 3707 1508 3780 venerabilis
1519 3708 1645 3784 domus

232 3826 352 3897 militie
370 3826 519 3920 Templi,
540 3827 587 3898 ob
603 3827 828 3898 reverentiam
855 3827 1022 3898 Creatoris
1046 3827 1081 3898 in
1104 3831 1204 3920 cujus
1230 3832 1369 3904 nomine
1394 3835 1513 3907 iratres
1534 3836 1644 3931 ipsius

231 3947 356 4020 domus
372 3949 522 4020 militant
538 3959 573 4020 et
590 3949 764 4021 humiliter
781 3949 1003 4040 famulantur,
1024 3971 1087 4044 pro
1109 3951 1262 4025 remedio
1286 3975 1426 4049 quoque
1449 3959 1643 4032 animarum

230 4070 393 4144 divorum
406 4082 632 4162 augustorum
647 4083 825 4168 parentum
841 4085 1034 4146 nostrorum
1051 4075 1143 4148 bone
1154 4079 1318 4150 memorie
1337 4091 1372 4152 et
1389 4083 1500 4155 salute
1513 4094 1640 4176 nostra,

231 4215 365 4268 necnon
381 4195 426 4269 ed
444 4219 561 4292 preces
572 4197 741 4270 Guillelmi
756 4198 801 4271 de
815 4198 1051 4274 Orlienticneis
1066 4199 1138 4299 (sic)
1152 4200 1217 4297 (t),
1229 4203 1380 4296 magistri
1397 4205 1505 4300 ipsius
1519 4207 1644 4283 domus

230 4318 351 4390 militie
368 4321 501 4415 Templi
518 4323 553 4392 iu
572 4321 699 4412 Sicilia,
718 4320 763 4393 de
779 4333 944 4396 consueta
960 4335 1075 4398 nostre
1089 4327 1300 4398 liberalitatis
1314 4328 1423 4421 gratia
1437 4331 1642 4406 remittimus

230 4450 266 4513 et
291 4453 457 4538 perpetuo
479 4447 676 4518 relaxemus
702 4447 815 4520 eidem
843 4450 1030 4520 venerabili
1056 4449 1175 4521 domui
1204 4452 1323 4522 militie
1346 4453 1476 4547 Templi
1504 4456 1641 4528 unciam

264 4695 300 4770 (t)
319 4693 548 4772 superlucentem
561 4702 707 4760 Orelieoeis
719 4724 728 4755 .·
741 4703 794 4762 vid.
809 4721 836 4777 p.
849 4707 914 4773 tt5;
928 4704 1039 4761 lorsitan
1052 4721 1101 4776 pro
1113 4706 1330 4772 Aurelianensis,
1345 4707 1497 4766 d'Orltons.

308 4797 332 4858 Ι.
1132 4817 1134 4820 ’
1444 4817 1480 4870 23
