4334 5980
539 545 599 607 elo
1035 541 1248 604 torneator
1274 541 1450 606 scobem
1750 540 1835 620 [dn.
1853 541 1940 604 tels.

620 676 721 759 (lidid.
738 679 960 750 wnmrwnn,
975 675 1047 739 Noc.
1062 673 1189 738 nitidis
1201 673 1369 758 diplomat,
1381 683 1405 740 t.
1423 676 1507 758 Lp
1524 683 1594 752 tot,
1605 691 1645 736 ux
1656 674 1833 737 chartulario
1846 691 1943 736 mem-

659 785 740 848 bran.
757 781 857 846 abbat.
875 785 1037 866 Neoburg„
1052 784 1108 848 lol.
1121 786 1186 862 to.)

586 975 780 1049 Fridericus
810 975 986 1050 sccundus
1017 975 1138 1049 divina
1169 975 1307 1050 favente
1343 973 1522 1048 clementia
1552 973 1782 1045 llomauornm
1818 992 1880 1043 rex
1911 981 1946 1042 ct

538 1121 675 1195 semper
698 1107 868 1193 angustos
892 1109 927 1172 ot
948 1121 1012 1172 rex
1034 1099 1167 1189 Sicilie,
1189 1099 1351 1172 omnibus
1375 1099 1411 1170 in
1437 1107 1653 1194 perpetuum.
1679 1097 1730 1169 Ne
1751 1117 1794 1168 ea
1814 1116 1883 1190 qua
1898 1115 1943 1168 ex

541 1243 634 1295 mere
650 1223 843 1297 inclitorum
858 1222 1139 1319 predecessorum
1153 1233 1347 1297 nostrorum
1361 1223 1523 1298 divorum
1541 1243 1662 1314 regum
1676 1229 1711 1293 et
1723 1229 1942 1316 angustorum

539 1348 766 1420 llornauornm
784 1346 1018 1420 munificentia
1037 1347 1121 1421 locis
1137 1347 1307 1443 religiosis
1320 1351 1414 1442 juste
1434 1347 1557 1420 collata
1577 1355 1657 1418 sunt
1673 1353 1708 1418 ct
1728 1341 1940 1436 confirmatu,

538 1493 601 1568 pro
619 1471 780 1567 temporis
796 1472 996 1568 interposita
1013 1471 1149 1546 malicia
1166 1473 1212 1545 ab
1228 1471 1352 1545 emulis
1369 1471 1465 1567 pacis
1480 1479 1516 1544 et
1530 1469 1656 1566 quietis
1672 1467 1944 1563 persecutoribus

538 1597 611 1669 vim
629 1597 780 1691 aliquam
800 1597 872 1694 pati
890 1596 1040 1670 debeant
1057 1597 1113 1669 vel
1133 1599 1321 1693 repulsam,
1338 1595 1491 1671 debitam
1506 1617 1527 1668 a
1545 1595 1725 1668 serenitate
1744 1602 1857 1666 nostra
1874 1614 1944 1665 me·

540 1729 659 1794 rentur
682 1721 834 1816 recipere
856 1719 1124 1794 confirmationis
1158 1742 1200 1794 ac
1223 1721 1443 1818 protectionis
1470 1717 1731 1792 firmitudinem.
1759 1717 1945 1812 Eapropter

542 1846 712 1920 universis
734 1845 824 1917 hanc
850 1845 1011 1940 paginam
1039 1845 1243 1940 inspecturis
1270 1843 1431 1917 fidelibus
1455 1843 1608 1939 imperii,
1637 1852 1708 1916 tam
1732 1841 1945 1936 presentibus

541 1993 646 2066 qnam
665 1969 805 2060 foturis,
828 1970 1036 2064 presentium
1057 1969 1262 2044 certitudine
1280 1971 1440 2043 volumus
1459 1967 1624 2041 declarari
1639 1967 1735 2062 quod
1751 1988 1813 2039 nos
1829 1987 1876 2038 ex
1893 1966 1945 2036 in·

543 2104 624 2168 nata
655 2094 755 2166 nobis
780 2094 875 2188 regia
903 2094 1078 2189 largitate,
1113 2095 1369 2169 considerantes
1400 2093 1601 2188 religionem
1630 2091 1879 2164 venerabilium
1910 2091 1944 2161 in

544 2217 676 2292 Christo
697 2219 838 2291 fratrum
863 2218 998 2291 abbatis
1022 2227 1057 2291 et
1084 2219 1292 2292 confratrum
1316 2217 1451 2292 cenobii
1475 2217 1563 2290 Novi
1583 2215 1708 2308 Castri,
1731 2215 1946 2288 animadver-

543 2353 654 2418 tentes
672 2344 775 2416 etiam
798 2343 941 2438 gratiam
965 2341 1156 2417 dilectionis
1172 2353 1208 2416 et
1224 2341 1461 2416 familiaritatis
1480 2363 1584 2435 quarn
1606 2341 1672 2434 ipsi
1693 2341 1766 2412 suis
1787 2339 1946 2413 fidelibus

542 2463 718 2558 obsequiis
736 2473 771 2535 et
789 2463 960 2534 coutinuis
978 2462 1192 2535 orationibus
1209 2461 1305 2558 apud
1323 2459 1489 2534 illustrem
1506 2469 1668 2556 patruum
1685 2468 1839 2532 nostrum
1860 2459 1947 2531 bone

542 2587 706 2660 memorie
730 2585 925 2682 Philippum
949 2587 1180 2658 Romanorum
1203 2607 1320 2678 regam
1343 2583 1417 2656 suis
1442 2591 1703 2680 promeruerunt
1722 2585 1944 2680 temporibus

542 2733 606 2808 pro
623 2712 733 2784 salute
748 2719 879 2800 nostra,
900 2709 946 2783 ad
968 2709 1133 2782 bonorem
1155 2710 1218 2782 Dei
1239 2721 1274 2782 et
1296 2708 1341 2782 ad
1366 2708 1559 2781 remedium
1581 2708 1773 2780 animarum
1795 2709 1946 2781 omnium

544 2835 797 2934 progenitorum
817 2844 1031 2923 nostrorum,
1052 2833 1097 2907 da
1118 2833 1260 2908 oonsilio
1287 2843 1322 2906 et
1346 2832 1394 2906 ud
1417 2832 1614 2906 instantiam
1637 2831 1840 2906 dilectorum
1865 2833 1949 2907 lide·

545 2961 628 3031 lium
647 2967 860 3050 nostrorum,
876 2956 1052 3029 Chunradi
1070 2957 1232 3030 blatensis
1254 2965 1290 3028 et
1307 2957 1477 3052 Spirensis
1494 2955 1646 3053 episcopi
1664 2955 1852 3054 imperialis
1871 2959 1948 3031 aule

545 3083 738 3156 cancellarii
760 3091 864 3176 atque
884 3081 1024 3153 Districi
1050 3079 1257 3154 venerabilis
1280 3081 1492 3155 Trevirensis
1514 3079 1762 3176 archiepiscopi
1791 3081 1890 3154 electi
1916 3091 1951 3153 et

544 3207 758 3281 Wollrammi
775 3205 1077 3299 wizenburgensis
1096 3205 1232 3277 abbatis
1247 3214 1283 3278 et
1298 3203 1475 3278 Wemberi
1497 3201 1542 3276 de
1563 3199 1709 3276 Bonlant
1729 3205 1857 3298 regalis
1873 3205 1950 3278 aule

545 3335 690 3431 dapileri
706 3341 741 3405 et
758 3333 903 3406 aliorum
922 3331 1074 3428 plurium
1089 3327 1153 3426 (c),
1174 3329 1339 3425 prelibata
1357 3329 1502 3404 ecclesie
1520 3329 1609 3404 Novi
1625 3329 1733 3402 Casti
1750 3339 1785 3404 ot
1797 3329 1951 3426 personis

544 3458 673 3532 ibidem
693 3459 764 3531 Deo
787 3456 1033 3530 famulantibus
1052 3454 1350 3548 recognoscimus,
1372 3454 1542 3529 donamus
1561 3463 1666 3550 atque
1682 3455 1838 3548 legamus
1858 3463 1893 3529 et
1913 3454 1950 3526 in

541 3593 747 3680 perpetuum
770 3581 877 3675 regali
903 3579 1103 3652 auctoritate
1130 3577 1373 3652 confirmamus
1396 3587 1502 3674 atque
1525 3578 1561 3650 iu
1588 3587 1738 3652 nostram
1765 3577 1952 3675 recipimus

541 3707 784 3804 protectionem
804 3703 970 3778 allodium
996 3703 1033 3774 in
1056 3703 1252 3776 llartbusoo
1279 3725 1360 3776 cnm
1387 3703 1528 3776 introitu
1553 3712 1589 3776 et
1610 3701 1707 3775 exitu
1729 3711 1765 3774 et
1789 3703 1951 3776 omuibus

540 3829 725 3904 attinentiis
741 3829 826 3920 suis,
847 3829 921 3900 sive
938 3826 1035 3899 sitin
1052 3827 1158 3922 pratis
1179 3827 1255 3901 sive
1276 3826 1312 3899 iu
1327 3827 1420 3921 agris
1438 3835 1500 3899 aot
1516 3825 1634 3917 silvis,
1652 3825 1742 3898 sicut
1759 3825 1853 3900 idem
1868 3849 1952 3922 pre-

539 3957 639 4030 dium
661 3961 847 4026 memorato
868 3951 944 4024 loco
969 3951 1121 4048 prelatus
1144 3959 1286 4046 patrum
1307 3961 1422 4024 noster
1438 3951 1619 4048 Philippus
1645 3971 1708 4022 rex
1734 3951 1887 4023 noscitur
1910 3951 1951 4022 li-

540 4079 700 4154 beraliter
728 4075 912 4150 tradidisse
937 4083 972 4149 et
997 4075 1087 4148 sicut
1108 4075 1229 4148 iratres
1251 4075 1387 4149 cenobii
1412 4075 1505 4147 illius
1529 4074 1636 4148 muris
1654 4083 1689 4146 et
1711 4073 1853 4172 sepibus
1876 4075 1952 4156 sine

540 4202 675 4277 fossatis
687 4199 774 4274 illud
791 4199 1056 4282 denotaverunt,
1076 4207 1142 4271 eto.
1165 4194 1255 4294 (sio).

570 4327 714 4400 ‚Datum
730 4323 826 4422 apud
844 4325 1056 4418 Hegemone,
1077 4341 1169 4395 anno
1186 4321 1232 4394 ab
1250 4321 1485 4395 incarnatione
1503 4321 1640 4394 Domini
1658 4319 1819 4413 llCCXll,
1840 4317 1953 4394 indic·

540 4454 634 4527 tiono
650 4451 774 4548 prima,
794 4449 869 4523 Vlll
886 4449 1053 4522 lraloudas
1074 4445 1253 4518 februarii.

584 4679 623 4762 (a)
645 4683 681 4744 lu
694 4683 833 4761 impresso
844 4680 921 4763 repta
931 4695 985 4760 pro
997 4675 1104 4762 morlia
1116 4683 1146 4740 ot
1153 4675 1318 4760 plariarrrrrr
1330 4695 1385 4758 pro
1396 4671 1547 4759 pler-incr,
1563 4677 1663 4740 mlnus
1674 4681 1762 4739 reete.
