4434 5942
522 433 564 494 20
1025 439 1239 534 ruthenici
1263 437 1438 502 sacuam
1746 437 1826 517 [dra.
1846 437 1935 502 lim.

523 569 692 644 bertatem
719 573 983 648 ecclesiasticam
1009 597 1080 650 non
1108 576 1277 652 ledamus.
1305 575 1396 650 Sede
1417 581 1566 648 vacante
1593 572 1783 670 capitulum
1802 573 1937 668 signiti-

525 693 618 768 cubit
633 695 734 768 vobis
754 705 789 770 et
810 700 934 772 vestris
951 701 1139 774 heredibus
1154 703 1288 776 obitum
1313 699 1517 774 decessoris.
1539 697 1673 772 Deinde
1691 699 1937 772 convenientoe

448 853 454 868 ·
524 818 561 890 iu
583 841 705 912 unum,
727 819 886 896 invocata
906 825 1052 920 Spiritus
1069 826 1183 898 Sancti
1196 826 1325 922 gratia,
1345 822 1539 898 secundum
1557 824 1669 896 Deum
1685 823 1813 916 eligent
1828 843 1934 896 cano-

524 943 603 1016 nice
612 966 792 1038 personam
806 946 966 1022 idoneum
981 951 1038 1022 cui
1049 951 1253 1045 requisitum
1270 972 1292 1024 a
1305 949 1407 1022 vohis
1418 949 1562 1045 prebere
1576 948 1731 1023 debeatis
1740 969 1932 1036 assensum,

524 1077 559 1140 et
583 1068 782 1142 electionem
804 1071 930 1146 iactam
951 1097 1021 1148 non
1038 1074 1198 1149 different
1216 1074 1407 1172 publicare.
1431 1073 1641 1178 Electionem
1661 1093 1746 1145 vero
1761 1073 1884 1144 lactum
1899 1081 1937 1143 ct

522 1191 733 1288 publicatam
769 1195 1025 1272 denuntiabunt
1054 1198 1157 1272 vobis
1189 1209 1225 1272 et
1251 1208 1408 1272 vestrum
1440 1197 1617 1292 nequirent
1643 1217 1835 1270 assensum.
1863 1193 1935 1268 Sed

522 1323 709 1411 antequam
732 1339 894 1394 assensus
919 1322 1039 1416 regius
1052 1321 1260 1416 requiratur,
1283 1343 1354 1394 non
1376 1319 1624 1394 inthronizetur
1639 1320 1768 1393 electus
1786 1341 1852 1391 nec
1869 1317 1934 1392 de·

517 1450 679 1524 ¹cantetur
699 1443 813 1516 laudis
834 1445 1023 1518 solennitas
1040 1467 1110 1540 que
1128 1445 1406 1518 inthronizationi
1424 1443 1563 1520 videtur
1580 1465 1730 1536 annexa,
1751 1463 1817 1515 nec
1834 1449 1935 1515 anm-

522 1585 629 1658 quam
653 1564 856 1638 anctoritate
877 1566 1065 1662 pontificali
1089 1567 1193 1640 luerit
1217 1567 1457 1660 confirmatus,
1478 1565 1767 1642 administrationi
1789 1587 1828 1637 se
1844 1566 1934 1638 ulla·

521 1697 624 1760 tenus
649 1688 868 1761 immiscebit.
896 1691 954 1764 Sic
983 1691 1076 1764 enim
1105 1691 1229 1766 honori
1259 1701 1374 1766 vestro
1403 1692 1567 1765 volumus
1593 1689 1869 1764 condescendere
1894 1698 1935 1762 ut

523 1811 714 1884 libertatem
733 1813 933 1888 cauordcam
948 1815 1190 1909 observemus,
1209 1818 1306 1890 nullo
1331 1837 1472 1912 prorsus
1486 1815 1646 1890 obstante
1662 1813 1935 1910 rescriptoquod

523 1959 545 2009 a
562 1935 652 2010 Sede
669 1934 866 2032 Apostolica
885 1939 990 2012 luerit
1012 1940 1244 2036 impetratum.
1265 1943 1441 2036 Rogamus
1458 1963 1541 2036 ergo
1563 1939 1780 2014 serenitatem
1802 1939 1933 2032 regiam

523 2069 558 2134 ct
576 2061 737 2134 abentius
758 2062 984 2138 exhortamur
1007 2075 1179 2160 quatenus
1199 2075 1318 2139 contra
1341 2066 1564 2161 prescriptam
1586 2064 1764 2137 electionis
1790 2065 1933 2136 formam

523 2207 588 2260 nec
604 2207 668 2259 vos
685 2185 833 2261 veniatis
853 2187 899 2262 de
915 2198 1030 2263 cetero
1047 2213 1112 2264 nec
1131 2192 1261 2284 cogatis
1279 2191 1365 2264 alios
1381 2213 1446 2263 nec
1466 2189 1646 2286 patiamini
1663 2179 1817 2283 qualibet
1832 2209 1933 2260 occa·

523 2310 622 2384 sione
638 2311 776 2403 venire,
801 2311 865 2386 sed
888 2313 1000 2388 taliter
1024 2315 1061 2386 in
1084 2315 1150 2389 hoc
1174 2316 1274 2388 nobis
1296 2315 1465 2390 studeatis
1483 2323 1518 2387 et
1534 2313 1762 2387 ecclesiastice
1786 2311 1933 2385 libertati

523 2433 657 2508 deferre
673 2445 712 2508 ut
731 2436 888 2512 timorem
907 2440 983 2533 ejus
999 2439 1128 2514 habere
1145 2461 1206 2537 pre
1221 2440 1329 2512 oculis
1347 2437 1537 2513 videamini
1556 2459 1619 2534 per
1636 2459 1741 2531 quem
1758 2457 1858 2530 reges
1873 2457 1935 2508 re·

520 2570 630 2652 grant
647 2571 682 2635 ot
697 2562 873 2660 principes
889 2563 1113 2638 dominantur
1125 2575 1161 2637 et
1176 2585 1336 2661 sponsam
1355 2565 1431 2656 ejus
1446 2563 1636 2635 Ecclesiam
1653 2561 1823 2634 venerari.
1839 2559 1933 2634 Nulli

519 2709 617 2779 ergo,
636 2695 720 2780 etc,
740 2687 831 2762 hanc
849 2689 1012 2784 paginam
1026 2697 1143 2763 nostre
1157 2688 1395 2784 dispositionis
1409 2698 1444 2761 ct
1462 2686 1727 2779 constitutionis,
1747 2695 1814 2760 etc.

567 2813 694 2883 Datum
710 2813 867 2886 Laoeram
886 2812 902 2910 (
925 2813 952 2908 ).

570 3060 742 3158 Scriptum
756 3069 808 3134 est
822 3061 867 3136 de
880 3083 918 3135 re
932 3061 1070 3154 eadem,
1084 3061 1216 3134 scilicet
1228 3060 1273 3134 de
1288 3059 1494 3134 electionum
1510 3060 1632 3152 lorma,
1650 3054 1932 3152 archiepiscopis,

521 3185 693 3282 episcopis
710 3194 745 3260 et
761 3187 837 3260 aliis
853 3186 1076 3260 ecclesiarum
1094 3185 1256 3282 praelatis
1273 3195 1309 3258 et
1326 3185 1491 3260 universo
1504 3186 1597 3258 clero
1613 3184 1649 3256 in
1667 3183 1783 3256 Sicilia
1800 3179 1936 3254 consti-

519 3311 615 3402 tutis,
634 3332 700 3384 ucc
717 3333 787 3384 non
801 3311 1081 3408 archiepiscopis,
1104 3311 1291 3408 episcopis,
1312 3311 1510 3402 abbatibus,
1530 3309 1703 3406 prioribus
1720 3316 1756 3379 ct
1771 3305 1935 3378 universo

520 3435 611 3508 clero
630 3435 666 3506 in
680 3434 808 3531 Apulia
824 3437 1021 3509 constituto.
1043 3435 1128 3532 (Ap.
1151 3437 1293 3521 Bscuzn,
1312 3435 1445 3527 tbidcra,
1462 3441 1499 3506 n⁰
1517 3431 1618 3528 tta.)

321 4060 488 4108 enorme
574 4039 602 4120 4
633 4030 812 4118 calendas
842 4029 1071 4134 decembris,
1102 4028 1282 4114 vicesimo
1308 4035 1442 4113 octavo
1468 4024 1530 4108 die
1556 4023 1698 4108 mensis
1725 4019 1936 4106 decembris

540 4243 650 4256 --aaaeu
1857 4232 1919 4242 ...-

2181 4259 2182 4298 l

558 4356 591 4428 lt)
607 4351 681 4411 istud
690 4352 725 4410 de
737 4347 912 4408 electionibus
924 4347 1030 4407 Siciliae
1043 4347 1199 4405 mandatum
1211 4363 1259 4406 seu
1272 4346 1356 4404 breve
1369 4345 1461 4404 datum
1471 4345 1515 4404 die
1528 4347 1562 4402 49
1576 4343 1730 4402 novembris
1741 4345 1809 4399 tras
1822 4346 1936 4398 testatur
2181 4341 2182 4358 ¹

520 4449 692 4512 Chioorarelli
706 4448 809 4522 (lodice
825 4447 918 4519 MSS,
932 4463 960 4522 p.
978 4446 1033 4521 ³9).
1046 4446 1125 4518 Quod
1140 4446 1241 4520 justum
1258 4445 1429 4516 arbitramur,
1450 4445 1515 4502 dum
1528 4441 1694 4519 praecedens
1707 4441 1734 4498 in
1748 4441 1862 4514 llegasto
1877 4435 1933 4512 epi·

519 4547 633 4608 stolan⁰
648 4545 1004 4622 toamnasaritboctpso
1015 4542 1326 4620 diascilicetxttttnt.
1342 4540 1502 4601 decembris.
2181 4619 2182 4666 1
