4382 5946
557 495 617 558 312
1055 495 1270 557 saturaret
1298 495 1473 560 sacuam
1776 497 1856 576 [bur.
1875 497 1965 560 1214

553 632 682 723 jectum
702 652 783 704 eum
802 631 942 706 uitiiset
962 631 1066 704 rebus
1087 632 1249 706 omnibus
1269 634 1317 708 ad
1338 635 1532 726 Traiectum
1554 633 1796 726 attinentibus,
1823 643 1864 706 ut
1885 656 1968 707 cum

557 753 635 826 aliis
649 753 762 826 feudis
782 754 856 826 suis
872 753 939 828 boc
955 753 1081 827 amodo
1098 755 1144 828 ab
1161 755 1305 850 imperio
1328 777 1415 852 pure
1434 765 1469 830 et
1490 755 1668 831 sinceriter
1691 764 1840 830 teneant.
1864 756 1906 828 Et
1926 765 1969 827 ut

554 877 621 951 beo
636 887 751 950 nostra
767 877 941 950 concessio
963 879 1026 950 rite
1051 881 1138 951 iacta
1159 877 1211 951 eis
1233 879 1501 952 irrevocabiliter
1521 887 1557 952 et
1578 879 1858 974 irrefragabiliter
1882 900 1968 952 oon·

555 1009 723 1092 servetur,
741 1002 829 1074 bano
849 1012 977 1075 cartam
996 1002 1047 1074 eis
1072 1003 1242 1074 conscribi
1259 1014 1294 1076 et
1313 1003 1418 1098 sigilli
1435 1003 1542 1076 nostri
1567 1004 1780 1098 appensione
1794 1004 1982 1098 jussimus.

557 1125 721 1197 roborari.

604 1248 833 1320 iuterfuerunt
859 1256 975 1320 autem
1006 1247 1090 1320 buic
1120 1249 1208 1322 iacto
1236 1248 1359 1324 fideles
1389 1249 1562 1346 principes
1593 1249 1699 1322 nostri
1730 1249 1962 1323 Theodericus

556 1371 765 1444 Trevireusis
783 1369 1078 1467 archiepiscopus,
1096 1372 1273 1447 Conradus
1292 1373 1454 1447 Metansis
1476 1385 1512 1448 et
1535 1373 1707 1470 Spirensis
1725 1373 1907 1468 episeopus
1927 1384 1964 1446 et

557 1496 743 1591 imperialis
758 1497 837 1568 aule
855 1497 1096 1588 cancellarius,
1114 1497 1304 1592 Liupoldus
1322 1498 1400 1572 dux
1418 1497 1574 1588 Austris,
1596 1497 1676 1570 Otto
1698 1498 1775 1572 dux
1795 1497 1959 1588 bierauie,

557 1619 753 1694 Bernartius
774 1619 850 1693 dux
877 1621 1071 1712 Kariutbie,
1098 1621 1260 1694 Albertus
1284 1642 1400 1696 eomes
1424 1623 1470 1696 de
1496 1623 1695 1714 Everstein;
1722 1621 1962 1695 ministeriales

557 1747 665 1819 nostri
684 1748 870 1820 Weruerns
888 1744 933 1819 de
953 1745 1131 1820 Bollandia
1151 1747 1285 1844 dapifer
1308 1755 1435 1838 noster,
1463 1747 1634 1822 Walterus
1654 1746 1836 1844 pincerna,
1858 1746 1962 1820 Heiu-

557 1869 651 1942 ricus
668 1867 713 1942 da
727 1869 850 1942 Danis.

605 1989 729 2063 Actum
744 2013 834 2065 anno
848 1993 1089 2068 iuoamatiouis
1105 1994 1277 2070 dominice
1290 1993 1465 2090 MCCXIV,
1481 1994 1669 2070 indictione
1682 1993 1848 2085 secunda,
1864 1992 1959 2090 apud

557 2115 710 2188 Worsele
725 2113 795 2212 (t),
814 2117 859 2190 lv
875 2139 983 2191 nonas
1001 2119 1218 2215 septembris.

1508 2439 1751 2450 ——n—-n

277 2733 280 2740 '
353 2747 529 2860 mm?
605 2729 831 2836 Fridericus,
850 2727 1109 2812 Romanorum
1127 2753 1209 2836 rex,
1228 2727 1391 2812 Hennae
1406 2727 1495 2812 duci
1513 2728 1780 2842 botharingiae
1796 2731 1961 2840 promit-

551 2865 598 2948 tit
624 2863 729 2974 quod
755 2863 940 2973 oppidum
961 2860 1198 2970 Trajectense
1218 2861 1322 2972 quod
1344 2861 1379 2944 ei
1404 2861 1445 2944 iu
1467 2859 1626 2946 feudum
1650 2861 1755 2945 dedit
1781 2863 1960 2947 coemite

553 3000 602 3081 de
617 2997 689 3081 Los
702 2997 861 3080 redimet
874 3003 911 3077 et
928 3019 1050 3104 usqne
1069 2994 1119 3076 ad
1135 3003 1309 3078 octauam
1326 2993 1492 3078 Paschae
1509 2994 1698 3100 restituet,
1718 3003 1832 3104 atque
1850 3019 1960 3104 super

553 3131 626 3214 beo
642 3128 892 3241 promissione
908 3125 1149 3236 fidejussores
1166 3125 1219 3210 ibi
1237 3126 1454 3210 nominatos
1471 3127 1680 3210 constituit.

635 3345 762 3426 (Edldar.
777 3345 936 3416 Burnus,
954 3339 1094 3421 Trephia
1106 3339 1147 3402 da
1159 3339 1308 3418 Brubont,
1321 3347 1346 3404 t.
1368 3343 1400 3418 1,
1413 3359 1445 3420 p.
1461 3351 1511 3404 at.
1530 3375 1572 3390 -
1588 3343 1707 3423 Lumo,
1722 3341 1790 3405 dod
1806 3341 1900 3406 aaa
1912 3341 1960 3404 di·

667 3449 801 3532 plumat,
816 3456 838 3512 t
851 3449 896 3524 ΙΙ,
911 3465 943 3528 p.
960 3457 1100 3512 1⁰87oe
1117 3449 1245 3524 Senum
1261 3447 1376 3530 Oripia.
1394 3445 1537 3530 Guyffl.
1549 3449 1613 3526 111,
1626 3467 1655 3529 p,
1668 3459 1788 3512 m..
1803 3450 1960 3514 suem.

672 3574 770 3632 nunu,
786 3557 869 3636 corp.
878 3551 1091 3638 Masonitai,
1104 3570 1136 3632 p.
1153 3554 1234 3632 utu.)

599 3745 793 3820 Friderious
820 3745 882 3818 Dei
907 3744 1017 3838 gratia
1034 3745 1264 3818 Romanorum
1288 3763 1371 3835 rex,
1392 3763 1529 3840 semper
1544 3752 1735 3840 augustus,
1754 3756 1791 3818 et
1814 3767 1879 3820 rex
1901 3747 1954 3820 Si·

555 3871 645 3944 cilie.
662 3867 829 3942 Omnibus
842 3867 911 3941 hoc
925 3869 1090 3963 seriptum
1103 3859 1304 3942 videntibus
1317 3875 1437 3942 uotum
1454 3865 1529 3941 beri
1546 3869 1709 3944 volumus
1723 3869 1819 3966 quod
1834 3871 1957 3945 dilecto

553 3991 701 4090 principi
719 3999 835 4064 nostro
850 3989 1009 4063 Heinrioo
1023 3988 1106 4063 duci
1122 3989 1340 4087 bothariugie
1358 3989 1449 4065 boua
1465 3989 1536 4065 tide
1551 3993 1770 4088 promisimus
1788 3995 1884 4090 quod
1897 4017 1958 4091 op·

554 4117 676 4215 pidum
689 4139 793 4190 suum
806 4115 1019 4208 Trajecteuse
1031 4116 1128 4210 quod
1144 4115 1177 4190 ei
1189 4115 1227 4188 iu
1240 4115 1381 4189 feodum
1399 4113 1574 4210 dedimus,
1587 4138 1610 4190 a
1621 4117 1746 4192 comite
1761 4117 1807 4192 de
1823 4120 1888 4191 Ios
1904 4140 1958 4193 re·

555 4242 748 4331 dimemus;
770 4240 817 4314 ita
834 4239 931 4336 quod
947 4240 1053 4313 libere
1069 4239 1156 4313 illud
1172 4239 1205 4312 ei
1224 4239 1447 4313 restituemus
1468 4259 1580 4334 usque
1595 4240 1642 4314 nd
1657 4249 1814 4315 octavam
1830 4241 1958 4316 Pascbe

553 4366 760 4461 proximam.
785 4365 829 4436 Et
853 4387 959 4462 super
978 4365 1044 4448 bon
1065 4363 1283 4456 fidejussores
1302 4363 1335 4438 ei
1362 4363 1604 4438 constituimus
1630 4363 1801 4462 principes
1825 4377 1958 4439 nostros

586 4638 624 4712 (t)
641 4637 972 4715 locnmstoucaaqrm
981 4637 1100 4710 maus,
1115 4635 1282 4713 namneti
1294 4633 1430 4706 Borutts,
1445 4631 1522 4696 alteri
1540 4633 1690 4710 Μιναῖοι,
1704 4634 1805 4695 dieunt.
