4334 5980
499 551 561 612 250
997 551 1211 616 saluatum
1236 552 1410 614 saccant
1721 553 1802 631 [Ass.
1822 555 1904 618 1213.

500 695 536 760 et
554 686 647 761 hene
666 687 807 761 meritos
823 687 957 784 imperii
973 686 1093 762 fideles
1111 689 1289 762 reformari
1309 697 1344 762 et
1366 686 1411 761 de
1429 695 1542 762 cetero
1559 689 1630 760 Deo
1648 686 1753 762 dante
1770 688 1926 790 tirmiter¹

500 809 633 902 haberi,
656 811 867 906 presentium
887 813 1091 886 certitudine
1110 812 1323 886 universitati
1341 811 1497 886 omnium
1519 819 1673 886 vestrum
1696 821 1816 886 notum
1835 835 1908 890 esse

500 936 663 1008 volumus
682 936 779 1031 quod
796 957 859 1010 ncs
877 957 925 1010 ex
943 959 1036 1011 mera
1058 938 1258 1010 liberalitate
1278 937 1593 1011 animadvertentes
1614 959 1738 1034 puram
1755 938 1860 1012 iidem
1875 949 1908 1012 et

500 1059 667 1132 sinceram
694 1061 914 1134 devotionem
942 1061 1058 1135 dilecti
1080 1061 1246 1158 principis
1268 1069 1304 1134 et
1326 1062 1573 1156 consanguinei
1606 1063 1712 1136 nostri
1741 1063 1906 1136 Frederici

499 1181 690 1256 Tridentini
710 1185 881 1280 episcopi,
902 1207 1007 1281 quam
1025 1186 1127 1260 nobis
1147 1197 1183 1260 et
1200 1187 1344 1282 imperio
1364 1195 1480 1260 nostro
1505 1207 1617 1282 usque
1632 1187 1737 1260 modo
1751 1187 1906 1261 laudabi-

499 1306 577 1380 liter
594 1307 755 1382 exhibuit
771 1319 806 1383 et
826 1310 862 1382 iu
883 1319 1056 1406 posterum
1074 1309 1139 1383 erit
1157 1309 1304 1384 fideliter
1321 1309 1559 1402 exhibiturus,
1580 1311 1695 1406 ipsum
1714 1313 1906 1405 generalem

498 1433 648 1524 legatum
670 1443 826 1507 nostrum
848 1435 1090 1508 constituimus
1111 1457 1176 1531 pcr
1198 1445 1303 1508 totam
1321 1433 1563 1508 lombardiam
1583 1445 1618 1508 et
1639 1435 1824 1508 marchiam
1843 1438 1908 1509 Ve-

498 1578 678 1630 ronensem
695 1569 799 1654 atque
816 1561 973 1633 Tusciam
993 1569 1028 1633 et
1045 1559 1265 1650 Romaniam,
1291 1559 1338 1632 ad
1359 1581 1480 1656 pacem
1504 1559 1697 1633 laciendum
1714 1569 1749 1632 et
1770 1581 1908 1656 compc-

499 1683 650 1756 nendam
665 1693 699 1756 et
717 1683 763 1756 ad
778 1685 908 1758 bonum
922 1693 1048 1758 statum
1067 1707 1127 1780 per
1141 1695 1245 1758 totam
1265 1695 1390 1758 terram
1404 1684 1660 1758 reformandum
1681 1693 1716 1757 et
1733 1683 1780 1758 ad
1796 1683 1910 1758 fideli-

500 1816 586 1880 tates
600 1808 676 1880 vice
690 1817 806 1881 nostra
819 1808 1035 1904 recipiendas
1052 1831 1116 1884 nco
1130 1831 1198 1882 uon
1209 1810 1289 1901 jnra
1306 1819 1341 1883 et
1359 1808 1592 1904 possessiones
1605 1807 1740 1904 imperii
1755 1807 1910 1902 nudique

501 1932 767 2026 recuperandas.
783 1931 840 2006 Ad
857 1933 922 2006 hec
936 1934 1039 2006 etiam
1056 1933 1103 2006 ad
1117 1934 1326 2008 evidentiam
1344 1943 1459 2006 nostre
1473 1933 1565 2006 circa
1581 1932 1697 2028 ipsum
1709 1933 1909 2028 episcopum

502 2057 799 2151 consanguineum
813 2067 969 2131 nostrum
983 2057 1194 2149 dilectionis,
1212 2058 1249 2130 iu
1261 2057 1426 2131 omnihus
1442 2057 1689 2153 prenominatis
1701 2057 1806 2147 locis,
1824 2055 1909 2128 civi·

503 2180 631 2254 tatibus
644 2191 678 2255 et
692 2182 790 2255 terris
801 2183 915 2278 ipsum
933 2191 1089 2256 nostrum
1105 2182 1275 2256 vicarium
1288 2181 1502 2256 instituimus
1514 2181 1562 2256 ad
1576 2192 1730 2278 tempora
1744 2181 1817 2254 vite
1831 2203 1906 2272 sue,

503 2305 667 2379 vicariam
684 2317 724 2379 ut
736 2305 953 2402 prediximus
968 2308 1002 2380 ei
1020 2305 1056 2378 in
1070 2305 1211 2380 lendum
1226 2305 1466 2380 concedentes.
1479 2307 1647 2378 Volumus
1664 2305 1769 2400 igitur
1785 2315 1820 2378 et
1837 2315 1910 2378 sta·

505 2431 634 2504 tuimus
650 2431 821 2527 vobisque
848 2431 1010 2504 omuibus
1032 2432 1127 2527 regia
1150 2429 1357 2504 mandamus
1379 2441 1414 2503 et
1430 2431 1638 2526 precipimus
1655 2431 1854 2503 auctoritate
1872 2441 1909 2501 nt

501 2555 568 2652 ipsi
590 2555 627 2628 iu
645 2557 806 2630 omnibns
830 2565 865 2630 et
882 2579 944 2654 per
961 2558 1076 2630 omnia
1101 2569 1265 2652 tauquam
1287 2555 1474 2650 majestatis
1499 2563 1613 2628 nostra
1631 2572 1777 2650 persone
1793 2555 1910 2627 inton-

503 2680 594 2754 datis
611 2691 646 2756 et
662 2681 729 2754 sihi
747 2681 821 2754 sitis
844 2681 1046 2756 obedientes
1063 2683 1166 2776 eique
1188 2681 1224 2753 in
1244 2659 1377 2754 cunctis
1397 2702 1467 2775 que
1489 2679 1592 2754 vobis
1613 2699 1660 2752 ex
1680 2687 1779 2774 parte
1795 2653 1910 2752 nosve

503 2805 632 2880 dixerit
654 2805 759 2881 fidem
789 2807 984 2882 adhibeatis
1014 2809 1262 2898 indubitatam
1292 2808 1441 2880 scientes
1470 2815 1507 2878 et
1533 2825 1595 2901 pro
1621 2805 1720 2877 druto
1746 2804 1910 2878 habentes

502 2931 671 3028 quicquid
686 2933 760 3028 ipsc
781 2933 918 3026 lecerit,
940 2933 1069 3008 dixerit
1085 2946 1120 3006 et
1138 2933 1342 3006 concesserit
1359 2941 1394 3005 et
1412 2931 1547 3006 dederit
1563 2941 1669 3026 atque
1681 2929 1906 3024 iudicaverit,

504 3055 570 3129 hoo
593 3065 703 3128 totum
724 3065 836 3130 ratum
863 3057 1070 3132 habebimus
1095 3065 1129 3130 et
1154 3055 1292 3128 firmum
1318 3053 1599 3146 irrevocabiliter,
1625 3053 1770 3150 ipsaque
1797 3053 1910 3126 omnia

505 3180 577 3284 [in]
606 3182 853 3279 presentiarum
883 3183 976 3278 regia
1012 3179 1255 3256 confirmamus
1292 3180 1505 3254 auctoritate.
1534 3181 1728 3252 Statueutes
1753 3187 1789 3252 et
1817 3179 1910 3268 regia

504 3311 731 3410 precipientes
752 3309 953 3382 auctoritate
980 3321 1015 3382 et
1042 3307 1253 3380 firmitudine
1273 3307 1422 3380 utnulla
1447 3305 1589 3380 omniuo
1608 3325 1755 3400 persona
1771 3303 1911 3376 humilis

503 3436 560 3508 vel
579 3436 666 3526 alta,
687 3433 852 3508 secularis
873 3433 949 3506 sive
963 3432 1214 3520 ecclesiastica,
1241 3431 1517 3527 prenominatum
1542 3428 1732 3524 principem
1757 3447 1909 3500 consau-

504 3557 670 3653 gnineum
687 3566 840 3631 nostrum
862 3557 898 3628 iu
919 3555 985 3630 hac
1005 3557 1176 3650 legatione
1201 3564 1236 3628 et
1257 3551 1425 3627 beneficio
1448 3553 1579 3626 vicarie
1605 3561 1720 3624 nostre
1743 3549 1911 3646 impedire

504 3689 679 3777 presumat
700 3683 756 3754 vel
780 3682 813 3754 ei
835 3703 923 3754 ausu
948 3682 1128 3754 temerario
1151 3681 1331 3754 contraire.
1353 3679 1456 3765 Quod
1473 3677 1535 3774 qni
1558 3677 1670 3750 lacere
1692 3695 1911 3770 quocumque

506 3806 610 3879 modo
629 3806 890 3901 presumpserit,
910 3804 1182 3900 indignationem
1202 3805 1310 3898 gratio
1335 3813 1451 3877 nostre
1468 3825 1506 3876 sc
1523 3801 1658 3874 noverit
1678 3799 1862 3871 incurrisse
1876 3807 1911 3870 ct

505 3953 568 4030 pro
587 3951 676 4027 pena
702 3939 839 4002 oeutum
861 3929 965 4002 libras
986 3929 1061 4002 auri
1084 3929 1160 4024 puri
1184 3937 1385 4026 componat,
1407 3927 1625 4002 medietatem
1641 3921 1725 3996 fisco
1745 3932 1861 3996 nostro
1877 3931 1911 3993 et

505 4055 724 4129 medietatem
746 4053 906 4146 injuriam
931 4075 1032 4150 passo
1055 4055 1241 4126 soluturus
1265 4053 1321 4126 Ad
1346 4053 1452 4146 hujus
1474 4059 1590 4125 autem
1608 4049 1657 4122 rei
1681 4046 1908 4132 evidentiam,

504 4159 611 4254 robur
628 4189 663 4253 et
688 4179 887 4253 memoriam
905 4187 1071 4276 perpetuo
1090 4179 1293 4266 valituram,
1316 4197 1456 4274 presens
1473 4176 1639 4270 scriptum
1657 4169 1730 4244 fieri
1746 4169 1912 4262 jussimus

505 4305 618 4401 sigillo
637 4303 823 4398 majestatis
842 4311 956 4376 nostre
972 4303 1232 4376 communitum.

554 4429 665 4522 Hujus
685 4430 735 4502 rei
754 4439 857 4504 testes
875 4437 956 4502 suut
974 4426 1134 4524 Spiridus
1151 4423 1360 4500 venerahilis
1377 4423 1601 4519 hloguntinus
1618 4417 1909 4514 archiepiscopus,

507 4553 585 4625 Otto
606 4551 834 4646 Frisingensis
855 4553 1057 4648 episcopus,
1086 4549 1314 4642 Manegcldus
1335 4545 1551 4622 Patavicusls
1568 4545 1771 4640 episcopus,
1791 4539 1912 4612 Chun-

508 4676 614 4749 radus
626 4675 881 4771 Ratisponansis
892 4675 1088 4771 episcopus,
1099 4671 1299 4746 Artuwicus
1312 4671 1511 4744 Eistetensis
1522 4664 1915 4766 episcopus,0taekerus
