4434 5942
281 565 379 625 isurun
396 560 440 640 2]
731 552 929 616 tttsvotttlt
955 553 1246 619 btvtottltvtcl.
1651 555 1693 618 33

282 707 466 793 autequam
489 715 584 767 nuuc
604 690 727 764 ultimo
749 711 897 784 regnum
920 689 1080 784 intraret,
1099 714 1147 766 ex
1168 693 1388 767 concessione
1410 693 1521 766 luerat
1542 691 1691 787 impera·

282 823 366 896 toris
395 820 561 915 adeptus,
582 817 779 889 nullatenus
799 813 1018 888 admiremini
1046 838 1126 890 cum
1157 826 1294 913 propter
1317 837 1395 890 eam
1419 837 1488 889 non
1509 816 1611 888 luerit
1627 837 1693 890 ex-

283 941 592 1020 communicatione
616 945 766 1011 notatus.
789 936 840 1009 De
859 936 934 1032 ipsa
954 945 1086 1028 tamen,
1107 939 1211 1011 dante
1230 937 1393 1026 Domino,
1413 937 1459 1010 ad
1481 945 1637 1009 nostrum
1658 946 1693 1010 et

283 1066 452 1143 carissimi
477 1066 514 1137 iu
538 1062 672 1136 Christo
698 1059 760 1132 lilii
787 1059 895 1132 nostri
919 1059 958 1132 F.
982 1061 1096 1133 Sicilie
1115 1063 1207 1155 regis
1231 1061 1373 1134 illustris
1387 1059 1572 1147 honorem,
1593 1060 1695 1134 vobis

282 1191 485 1280 scientibus,
504 1187 632 1260 utiliter
651 1184 889 1279 disponemus.
905 1183 1028 1257 Nullus
1045 1184 1151 1278 igitur
1165 1205 1230 1258 vos
1247 1185 1388 1258 omnino
1403 1183 1558 1275 seducat,
1578 1185 1694 1258 nullus

283 1314 503 1410 aliquatenus
519 1309 718 1385 blandintur
734 1307 831 1404 quod
853 1307 1045 1382 secundum
1062 1308 1165 1381 eliam
1182 1311 1326 1382 formam
1344 1309 1437 1383 idem
1452 1308 1694 1384 Marccvaldus

279 1439 515 1532 juramentum
539 1432 725 1532 prestiterit
741 1441 803 1506 aut
829 1431 926 1506 aliter
947 1431 1050 1506 luerit
1071 1442 1230 1530 receptus
1249 1433 1398 1508 anobis.
1417 1433 1488 1508 Neo
1513 1435 1695 1508 turbentur

283 1563 321 1636 in
337 1563 454 1658 aliquo
470 1561 719 1650 cordavestra,
739 1556 803 1632 scd
821 1557 937 1654 potius
957 1557 1160 1650 solidentur,
1184 1579 1282 1648 cum,
1298 1559 1329 1630 si
1343 1559 1533 1632 servaverit
1547 1559 1645 1654 quod
1661 1559 1694 1634 ei

284 1695 338 1761 est
355 1687 422 1758 sub
445 1685 561 1759 debito
584 1682 717 1778 prestiti
740 1681 925 1778 juramenti
947 1679 1170 1774 mandatum,
1186 1673 1238 1754 'ad
1259 1689 1386 1754 statum
1410 1682 1515 1756 totius
1537 1687 1635 1778 regni
1658 1691 1694 1756 et

284 1810 564 1906 tranquillitatem
574 1815 723 1881 vestram
735 1805 782 1878 sit
794 1825 863 1878 non
876 1804 1051 1879 modicum
1060 1806 1367 1899 pmventurum.Si
1375 1815 1505 1896 summ,
1518 1807 1614 1900 quod
1623 1828 1694 1881 non

284 1936 473 2026 credimus,
488 1956 557 2008 non
574 1931 732 2017 servarit,
753 1929 839 2002 nibil
853 1929 898 2002 sit
915 1929 1106 2003 auctoritati
1121 1939 1234 2002 nostre
1250 1930 1454 2017 detractum,
1476 1927 1539 2002 scd
1560 1931 1637 2022 ejus
1649 1931 1695 2004 sit
1827 1957 1829 1961 ·
1869 2019 1872 2026 .

283 2061 400 2156 potius
416 2059 568 2156 potentia
583 2055 755 2130 diminuta
773 2063 808 2128 et
825 2064 895 2128 mm
909 2076 956 2128 on
977 2053 1195 2128 inclementia
1208 2054 1370 2149 temporis
1387 2075 1492 2149 quam
1515 2075 1562 2127 ex
1585 2055 1695 2130 formu

284 2181 439 2256 mandeti
457 2203 563 2277 quam
581 2179 727 2254 tammus
750 2177 900 2251 absoluti
921 2179 1071 2251 lautores
1096 2177 1174 2269 ejus
1193 2177 1322 2273 jugiter
1344 2167 1391 2251 ed
1413 2179 1551 2276 propria
1573 2201 1695 2255 rever·

284 2315 411 2382 tantur.
430 2306 500 2378 Nos
519 2324 660 2398 quoque
681 2323 752 2374 uon
774 2302 887 2374 solum
907 2321 971 2397 pro
996 2300 1187 2376 commissis
1202 2300 1422 2392 excessibus,
1442 2323 1567 2376 vcmm
1589 2303 1694 2378 etiam

284 2451 348 2526 prc
368 2439 466 2504 reatu
488 2427 629 2524 periurii
652 2447 733 2500 eum
757 2435 793 2498 et
815 2427 965 2500 iautmes
986 2426 1112 2522 ipsius,
1136 2427 1166 2500 si
1190 2428 1277 2500 torte
1298 2435 1416 2500 contre
1439 2429 1566 2502 luctum
1584 2437 1620 2502 ct
1640 2451 1696 2502 re-

286 2561 424 2651 ceptum
447 2551 649 2628 mandatum
677 2550 831 2652 veniret,
855 2551 892 2622 in
918 2550 1076 2625 cumdem
1099 2550 1466 2626 excommunicationis
1493 2553 1697 2626 seutentiam

285 2679 452 2755 reducem
467 2697 685 2765 curaremus,
706 2683 848 2750 ctesset
864 2683 1080 2748 contrusam
1094 2695 1218 2748 munus
1237 2684 1352 2750 nostru
1364 2697 1412 2748 ex
1429 2675 1558 2750 virtuto
1575 2677 1699 2752 diviua

286 2802 435 2877 validior
451 2823 557 2896 quam
575 2799 708 2874 fuisset.
726 2799 873 2896 inspiret
886 2807 1003 2872 numm
1016 2799 1049 2872 ci
1064 2800 1094 2872 is
1107 2798 1170 2893 qui
1183 2799 1260 2872 vult
1272 2819 1392 2874 omues
1407 2799 1566 2874 homines
1582 2802 1698 2875 salvos

287 2925 361 3001 lieri
378 2933 414 2998 et
431 2924 605 2998 neminem
625 2925 702 2998 vult
719 2924 846 3019 perire,
866 2932 907 2996 ut
923 2923 972 2998 ita
991 2921 1138 2998 fideliter
1153 2922 1356 2998 mandatum
1368 2933 1524 2998 ncstmm
1537 2926 1698 3000 observet

286 3059 327 3124 ut
343 3071 408 3124 neo
428 3059 615 3122 creatorem
634 3047 787 3122 offendat
806 3069 872 3122 nec
892 3069 956 3122 nos
976 3055 1129 3144 oporteat
1148 3059 1268 3122 contm
1291 3069 1372 3122 eum
1388 3049 1529 3144 previus
1545 3070 1699 3123 commc-

285 3175 372 3248 veri.
403 3175 584 3248 Monemus
610 3172 718 3267 igitur
746 3172 1005 3246 universitatem
1036 3181 1187 3248 vestram
1215 3195 1257 3248 uc
1285 3194 1349 3269 per
1379 3175 1564 3270 apostolica
1596 3174 1697 3247 vobis

287 3296 413 3393 scripta
437 3295 644 3372 mandamus
666 3303 838 3392 quatenus
861 3295 953 3370 circa
973 3295 1195 3370 devotionem
1213 3295 1408 3394 Apostolice
1429 3298 1528 3373 Sedis
1548 3308 1583 3372 et
1602 3300 1696 3390 eius·

289 3420 369 3496 dem
386 3421 478 3516 regis
494 3419 695 3496 fidelitatem
715 3441 763 3494 ex
779 3419 847 3494 boo
863 3420 1088 3494 ferventiores
1102 3420 1232 3510 effecti,
1251 3443 1293 3496 ea
1308 3444 1378 3517 que
1388 3422 1553 3498 honorem
1568 3423 1693 3520 ipsius,

286 3545 439 3640 quietem
458 3553 609 3620 vestram
633 3553 668 3618 et
688 3551 814 3618 statum
836 3544 935 3638 regni
959 3545 1150 3640 respiciunt
1171 3545 1302 3620 solicite
1323 3547 1530 3642 pronumtis,
1555 3549 1601 3622 ab
1621 3569 1696 3622 om-

286 3669 390 3743 nibus
405 3669 508 3744 vobis
526 3677 749 3764 precaventes
766 3667 903 3744 insidiis
923 3688 969 3744 ue
991 3691 1055 3766 per
1075 3671 1292 3746 securitatem
1310 3680 1372 3744 aut
1389 3673 1546 3748 baudem
1563 3672 1696 3769 aliquid

287 3791 388 3868 vobis
403 3793 532 3866 sinistri
549 3793 664 3870 valeat
676 3793 909 3868 evenirs.Nos
924 3794 1031 3886 enim,
1046 3795 1150 3870 danto
1163 3796 1324 3887 Domino,
1336 3819 1401 3871 uec
1417 3799 1492 3892 rogi
1509 3821 1573 3873 nec
1588 3819 1696 3894 ragno

286 3940 351 3994 nec
373 3920 473 3994 vobis
494 3919 580 4016 ipsis
595 3921 713 4015 aliqua
727 3919 911 3996 occasione
927 3920 1115 4014 deerimus,
1135 3924 1199 3998 sed
1215 3945 1256 3998 eu
1277 3924 1476 4000 curabimus
1492 3944 1696 4020 pmmovero

286 4063 356 4138 que
371 4043 475 4117 totius
492 4043 591 4139 regni
607 4042 791 4138 respicient
807 4043 1070 4118 incrementum.

336 4285 516 4387 [Sequitur
537 4291 683 4387 epistola
701 4291 808 4366 nobili
830 4289 906 4366 viru
924 4293 1143 4368 lllarcovuldo
1165 4294 1300 4390 imperii
1323 4297 1518 4371 senescalco
1544 4294 1692 4388 directa,

287 4435 358 4508 qua
378 4415 568 4509 gratulatur
589 4417 622 4490 ei
648 4417 694 4492 de
716 4417 958 4510 conversione,
979 4439 1059 4494 eum
1084 4419 1270 4494 exhortans
1288 4429 1328 4494 ut
1349 4443 1370 4494 a
1392 4420 1484 4493 balio
1511 4419 1610 4513 regni
1639 4441 1694 4493 so·

287 4537 441 4612 cundum
461 4540 662 4616 mandatum
680 4541 746 4637 ipsi
764 4542 957 4636 injunctum
975 4539 1148 4639 desistat]

369 4787 396 4846 1.
1514 4805 1532 4858 s
