4382 5946
279 508 377 570 lenton
395 506 438 584 s]
728 499 925 561 HISTORIA
950 491 1241 558 nlenonarlcs.
1629 480 1685 542 Sll

329 643 455 713 Datum
473 636 616 712 Findela
629 635 680 732 (o)
699 634 789 730 (sic),
810 634 909 708 tertio
927 631 1092 707 kalendas
1110 624 1320 714 decembris,
1339 641 1430 695 anno
1447 621 1494 692 M.
1514 618 1575 690 CC.
1596 616 1685 703 XIV,

284 764 471 838 indictione
487 761 597 835 tertia.

516 1051 1457 1080 mmm-*mm

334 1365 561 1471 Friderieus,
573 1365 831 1447 Romanorum
850 1387 931 1468 rex,
942 1361 1120 1444 eeclesiae
1138 1361 1296 1444 Sanctae
1313 1358 1452 1444 Mariae
1470 1358 1509 1440 in
1528 1360 1690 1470 Kdnigs·
1727 1379 1881 1477 pgpgpp

281 1499 404 1584 briiek
434 1497 634 1581 confirmet
661 1496 840 1579 tredecim
861 1495 1054 1603 homines,
1079 1519 1177 1604 quos
1208 1493 1458 1602 Illerquordus
1484 1493 1689 1578 cononicus

281 1633 410 1716 Sancti
428 1631 632 1740 Arbogasti
649 1633 689 1712 in
709 1629 877 1712 Snrburc
894 1655 964 1738 pro
986 1629 1113 1710 missis
1131 1629 1170 1708 in
1191 1653 1301 1709 suem
1319 1627 1480 1709 salutem
1498 1628 1691 1711 celebran-

280 1767 341 1848 dis
360 1765 481 1848 eidem
500 1763 678 1846 ecclesiae
696 1762 846 1846 obtulit.

360 2008 457 2082 (Edld.
474 2010 698 2082 Wonnnwnnr,
718 2008 800 2070 nova
817 2005 924 2070 mitid.
944 2003 1108 2088 diplomat,
1121 2011 1146 2067 t.
1163 2005 1210 2078 x,
1228 2021 1259 2082 p.
1276 2012 1344 2074 277,
1359 2019 1398 2064 ex
1417 2003 1599 2082 autographo
1618 2003 1687 2065 nbb.

399 2114 582 2192 Ileglspont)

329 2328 522 2402 Fridericus
542 2327 717 2400 secundus
735 2327 796 2399 Ilei
821 2327 931 2422 gratia
948 2327 1177 2399 Romanorum
1191 2345 1275 2414 rex,
1293 2345 1429 2420 semper
1446 2335 1635 2418 augustus,
1655 2336 1690 2399 et

280 2475 344 2526 ren
360 2453 487 2525 Sicilie.
497 2452 597 2537 Quod
616 2451 652 2522 in
672 2460 788 2523 nostro
804 2471 946 2546 presens
959 2459 1033 2523 etas
1047 2449 1199 2544 disponit
1215 2459 1380 2542 tempore,
1392 2469 1628 2520 successorum
1643 2447 1689 2520 de

280 2577 370 2650 sacili
385 2584 597 2672 protentatnr
617 2575 800 2666 livoribus,
822 2575 852 2646 si
874 2596 942 2648 non
960 2597 1022 2670 per
1039 2575 1229 2646 litterarum
1247 2573 1302 2646 vel
1322 2571 1459 2644 testium
1476 2572 1689 2666 dignoscitur

280 2701 482 2774 memoriam
505 2699 664 2772 sternari.
686 2699 879 2771 Innotescat
901 2718 985 2792 ergo
1003 2695 1219 2792 presentibus
1237 2706 1272 2768 et
1286 2704 1430 2768 noscant
1449 2694 1574 2790 posteri
1592 2697 1689 2790 quod

280 2824 510 2920 Marqnurdns
526 2823 710 2895 canonicus
724 2822 867 2895 ecclesie
878 2822 994 2896 Sancti
1006 2820 1187 2914 Arbogasti
1203 2820 1238 2890 in
1253 2819 1418 2906 Surburc,
1432 2817 1553 2891 mnndi
1568 2821 1689 2892 transi-

281 2949 358 3022 torii
382 2947 549 3020 monitum
568 2946 762 3020 deliberans
788 2956 822 3018 et
845 2944 1049 3036 advertens,
1074 2945 1149 3016 XIII
1171 2941 1328 3016 homiues
1352 2952 1440 3014 nutu
1467 2943 1530 3015 Dei
1555 2963 1688 3016 necnon
1730 2997 1731 3001 η

276 3071 574 3164 jnrebereditario
587 3072 653 3144 sibi
667 3072 863 3157 attinentes,
881 3069 1169 3163 Konigesbruken
1187 3077 1256 3142 tam
1272 3089 1334 3164 pro
1350 3078 1530 3164 parentum
1546 3089 1688 3141 suorum

277 3219 384 3293 qoam
400 3219 463 3270 sua
481 3198 592 3268 salute
609 3197 733 3292 optulit
749 3207 933 3292 oportune,
954 3195 1031 3266 talis
1051 3193 1178 3266 tenoris
1193 3193 1366 3266 mediante
1386 3196 1507 3290 copnla
1526 3193 1621 3288 quod
1646 3215 1688 3266 eo

278 3322 426 3416 degente
454 3320 548 3393 omni
574 3319 792 3394 hebdomada
819 3321 855 3391 in
881 3317 980 3391 tertia
1010 3317 1094 3390 teria
1112 3337 1175 3413 pro
1198 3317 1346 3412 peccatis
1370 3317 1476 3390 missa
1500 3318 1689 3392 celebretur

278 3447 504 3536 memorialis3
525 3455 603 3540 post
632 3444 812 3518 decessum
836 3463 920 3518 vero
937 3441 1029 3534 ejus,
1047 3441 1083 3512 in
1107 3441 1237 3537 prelata
1266 3440 1324 3514 die
1350 3441 1454 3515 missa
1480 3463 1543 3539 pro
1568 3443 1689 3537 requie

278 3571 517 3645 detunctorum
533 3568 726 3665 perenniter
742 3567 924 3656 offeratur3
941 3565 1005 3639 sod
1023 3566 1052 3637 si
1072 3566 1196 3638 festum
1212 3564 1460 3660 supervenerit,
1477 3566 1513 3637 in
1529 3568 1688 3660 sequenti

278 3697 336 3770 die
354 3695 567 3791 suppleatur.
587 3691 857 3766 Gloriosissimns
877 3711 962 3763 vero
977 3690 1207 3762 Romanorum
1226 3710 1290 3762 rex
1310 3689 1522 3782 Fridericus,
1541 3699 1612 3763 tam
1631 3692 1689 3763 in-

277 3819 429 3914 spirante
441 3817 585 3890 Domino
598 3809 702 3910 quam
716 3813 862 3910 predicti
875 3812 1420 3908 Illarqnardiinterventn,quise
1433 3813 1688 3888 ministerialem

276 3941 370 4037 regis
394 3941 424 4014 si
447 3962 516 4013 non
541 3940 661 4036 religio
684 3940 850 4013 clericalis
872 3937 1073 4014 detenderet
1098 3939 1289 4030 asserebat,
1320 3939 1504 4034 prelibatos
1530 3938 1687 4011 homines

276 4067 343 4138 snb
365 4066 606 4160 jurisdictione
632 4066 767 4140 cenobii
797 4067 921 4139 Sancte
945 4065 1052 4138 llario
1074 4063 1111 4136 in
1138 4065 1390 4158 Knnegsbruck
1413 4063 1489 4136 sine
1513 4063 1686 4136 calumnia

277 4189 503 4286 possidendos
533 4190 708 4283 dignatus.
733 4244 744 4265 .
768 4243 777 4262 .
801 4245 809 4261 .
837 4187 886 4286 (b)
908 4197 1100 4286 presentem
1123 4189 1286 4285 paginam
1308 4189 1402 4261 bulle
1425 4185 1549 4282 regalis
1570 4189 1686 4260 muni-

276 4316 369 4389 mine
386 4318 556 4390 roborare.

317 4517 360 4599 (a)
383 4521 512 4582 Pessime
525 4521 557 4580 ln
569 4525 754 4597 transumpto
766 4505 922 4581 exhibetur
933 4515 1031 4591 loeus,
1046 4518 1099 4594 qut
1111 4515 1169 4594 legi
1181 4513 1270 4578 debet
1281 4513 1397 4577 Basilus.

317 4625 357 4707 (b)
379 4627 492 4688 Desunt
505 4627 666 4705 quaedam,
679 4626 876 4688 verisimillter
891 4643 899 4685 ε
918 4624 1058 4706 aliponto
1068 4629 1110 4685 ast
1121 4620 1292 4703 confinem
1305 4629 1343 4684 et.
