4382 5946
1044 521 1260 586 Fllllilllllssl
1284 523 1453 586 saeuum
1764 529 1952 608 [1111161213.

337 1099 517 1206 impp
597 1092 840 1203 Constantia,
859 1095 1119 1180 Romanorum
1137 1107 1175 1180 et
1192 1097 1341 1183 Siciliae
1362 1099 1518 1211 regina,
1539 1099 1746 1211 Urgellensi
1776 1101 1952 1212 episcopo

541 1225 671 1309 scribit
689 1228 736 1308 de
754 1228 851 1311 tristi
869 1255 960 1314 casu
977 1231 1079 1341 regis
1098 1231 1320 1342 drogonum
1339 1231 1467 1316 fratris
1490 1233 1549 1318 sui
1567 1234 1767 1344 quamdiu
1784 1236 1949 1346 ignora-

540 1373 663 1466 verat3
682 1371 812 1444 66661
830 1389 870 1445 se
892 1363 941 1446 ad
962 1389 1103 1473 papam
1120 1365 1299 1448 nuntium
1316 1366 1485 1475 misisse,
1504 1366 1754 1478 hortaturque
1781 1379 1825 1450 ut
1846 1367 1950 1476 apud

538 1519 627 1576 eum
640 1519 769 1604 preces
786 1495 1002 1605 interponet
1018 1505 1097 1579 tam
1115 1497 1164 1580 de
1182 1497 1378 1606 sepultura
1394 1497 1566 1608 ejusdem
1578 1501 1680 1611 regis
1692 1500 1840 1610 corpori
1857 1526 1950 1584 con-

536 1625 704 1710 cedenda
726 1654 845 1738 quam
862 1629 911 1712 dc
928 1637 1029 1712 statu
1046 1629 1181 1739 pupilli
1199 1631 1300 1741 regis
1322 1631 1551 1718 ordinando.

614 1842 705 1920 (Edit.
717 1859 766 1920 66.
781 1843 956 1918 Rursum,
971 1839 1276 1919 6666166616.,166.
1291 1845 1318 1919 1,
1334 1861 1402 1906 ann.
1421 1853 1510 1920 1111,
1522 1841 1546 1926 8
1559 1845 1653 1920 LXII,
1669 1845 1797 1908 soodloe
1809 1845 1944 1908 biblioth.

657 1949 686 2011 S.
698 1951 803 2024 Petri.)

585 2138 797 2230 Constantia,
818 2139 880 2212 Dei
901 2137 1011 2233 gratia
1033 2139 1254 2235 imperatrix,
1278 2159 1414 2235 semper
1437 2147 1643 2234 angustast
1672 2139 1791 2234 regina
1815 2138 1942 2230 Sicilie,

535 2263 726 2354 Urgellensi
750 2263 913 2360 66166666
939 2262 1068 2338 devoto
1097 2284 1162 2338 666
1194 2264 1339 2337 6616166
1376 2273 1411 2336 61
1436 2261 1667 2338 dilectionem.
1693 2264 1804 2357 Super
1831 2261 1946 2338 fratris

534 2388 642 2460 nostri
656 2387 747 2482 regis
762 2387 961 2480 Aragonnm
979 2386 1030 2483 (l)
1048 2389 1110 2484 qui
1127 2397 1243 2462 tantm
1259 2397 1347 2478 6161,
1367 2408 1486 2461 casum
1504 2385 1734 2462 miserabilem
1751 2395 1786 2460 et
1803 2407 1943 2460 reusam

535 2511 669 2586 tristitie
685 2512 943 2602 multiformem,
963 2533 1006 2586 66
1021 2512 1133 2608 magis
1149 2512 1311 2606 angmm
1328 2523 1364 2586 61
1381 2533 1563 2586 movemur
1579 2531 1746 2608 quocum
1763 2521 1835 2584 1616
1850 2522 1944 2584 tem-

535 2657 618 2732 6616
633 2635 706 2710 vite
721 2658 785 2710 sue
800 2637 898 2711 miles
915 2637 1068 2712 Ecclesia
1085 2637 1190 2712 tuerit
1214 2647 1250 2710 61
1267 2657 1330 2734 616
1345 2635 1416 2711 fide
1436 2637 1581 2712 bellator
1600 2635 1768 2728 extiterit,
1787 2636 1893 2708 11666
1908 2645 1943 2708 61

533 2761 702 2836 16161666
727 2762 764 2834 16
787 2784 858 2857 quo
884 2763 997 2836 stabat
1024 2765 1117 2836 tumr
1142 2763 1200 2836 iile
1224 2783 1266 2836 66
1290 2761 1441 2856 impetus
1466 2759 1669 2834 immanium
1693 2759 1939 2851 barbarorum,

534 2908 615 2959 cum
637 2886 822 2983 apostolice
845 2887 1033 2962 sanctitatis
1055 2887 1158 2962 166111
1175 2885 1268 2959 filius
1288 2885 1465 2982 specialis,
1492 2885 1644 2980 peccatu
1661 2884 1881 2980 exigentibus
1903 2883 1940 2956 16

415 3033 420 3044 ·
533 3010 664 3084 ultimis
684 3011 758 3084 suis
779 3010 942 3084 inventos
966 3021 1019 3085 est
1032 3011 1142 3103 alius,
1158 3020 1198 3084 61
1218 3011 1295 3104 ejus
1309 3009 1470 3086 videatur
1490 3008 1703 3084 demeruisse
1725 3008 1938 3083 6166661166

532 3135 650 3207 661116
669 3134 743 3208 6616
765 3133 941 3210 laboribus
963 3135 999 3208 16
1023 3135 1127 3230 longo
1145 3134 1262 3211 studio
1281 3137 1354 3229 jem
1375 3133 1559 3229 quesitam.
1580 3134 1725 3208 Narrare
1749 3132 1850 3206 vobis
1868 3151 1938 3204 666

533 3259 677 3355 expedit
698 3260 835 3356 singula
857 3281 926 3354 que
946 3259 1092 3334 novistis
1108 3267 1142 3332 et
1159 3260 1221 3356 qui
1239 3269 1432 3334 nostrornm
1454 3259 1639 3334 vulnerum
1659 3257 1741 3331 66116
1758 3257 1939 3354 participes

531 3394 567 3457 61
584 3384 761 3476 dolorum,
776 3406 819 3458 66
837 3384 1017 3460 allectione
1041 3384 1227 3482 purissima
1247 3406 1318 3480 qua
1334 3405 1452 3480 regem
1470 3384 1585 3480 ipsum
1600 3391 1636 3456 et
1651 3403 1794 3477 regnum
1816 3403 1860 3456 66
1876 3403 1938 3454 666

531 3519 567 3582 61
583 3509 725 3583 domum
742 3509 873 3604 regiam
889 3508 1073 3584 dilexistis.
1092 3509 1162 3584 Nos
1180 3509 1321 3605 quidem
1338 3515 1476 3604 propter
1494 3507 1648 3582 locorum
1664 3503 1937 3580 111616611661116

532 3631 768 3726 ignoravimus
795 3654 897 3706 casus
919 3633 1015 3727 illos,
1035 3632 1253 3729 6616166161
1273 3632 1371 3728 regni
1395 3631 1502 3705 nostri
1531 3651 1653 3704 causas
1681 3629 1937 3726 urgentissimas

531 3755 742 3830 celabantur.
756 3756 822 3831 Ubi
838 3756 978 3830 1661166
996 3756 1097 3830 nobis
1116 3777 1220 3853 snper
1237 3757 1281 3830 116
1296 3754 1559 3850 indignantibus
1575 3753 1713 3846 detecti,
1734 3752 1849 3826 616116
1865 3755 1936 3825 mi-

532 3881 642 3954 simus
651 3879 884 3956 addominum
899 3901 1025 3978 66666
1036 3881 1331 3977 6611116661616
1345 3879 1481 3975 regium
1496 3877 1881 3970 familiarem‚dev0tum
1895 3895 1935 3947 66

533 4005 672 4080 fidelem
686 4014 854 4098 nestrum,
870 4026 988 4102 preces
1004 4005 1151 4078 humiles
1166 4013 1201 4078 et
1216 4004 1372 4098 devotos,
1393 4004 1489 4099 [sed]
1506 4024 1709 4100 responsum
1724 4008 1759 4074 61
1772 4008 1934 4074 eventum

532 4132 667 4226 negocii
700 4131 910 4226 ignoremus.
941 4129 1111 4216 Quoniam
1137 4130 1243 4226 igitur
1265 4129 1313 4204 ad
1339 4128 1523 4204 concilium
1546 4125 1746 4202 audivimus
1771 4144 1837 4197 vos
1862 4143 1936 4196 6666

533 4266 715 4345 venturos,
738 4254 916 4330 credentes
934 4254 970 4326 16
989 4276 1095 4330 causa
1112 4255 1177 4328 ista
1193 4275 1263 4350 que
1278 4255 1372 4348 justa
1391 4261 1458 4344 eet,
1475 4273 1546 4348 qua
1559 4251 1617 4350 pia
1636 4258 1706 4342 661,
1729 4269 1800 4344 qne
1822 4255 1933 4322 vestra

569 4561 604 4635 (1)
621 4561 730 4619 Occisus
744 4560 804 4634 tuit,
816 4561 886 4620 61661
897 4561 994 4636 cuique
1005 4565 1171 4636 compartum
1184 4564 1236 4632 est,
1250 4558 1279 4617 in
1290 4557 1392 4635 praelio
1405 4563 1468 4618 ante
1480 4555 1630 4626 11616166,
1644 4551 1801 4613 duodecima
1811 4549 1856 4608 die
1870 4563 1935 4621 sep-

531 4659 641 4719 tembris
652 4661 714 4718 anni
724 4663 770 4719 tm
777 4665 803 4718 1.
