4334 5980
231 585 330 644 lrmcr.
349 575 410 662 ltu]
679 575 876 638 HISTORIA
903 574 1196 638 blabotttttctt.
1582 574 1643 636 tte

230 715 495 806 dubitaverunt,
515 721 610 786 tanto
632 713 790 786 solertius
818 713 996 810 obsequiis
1023 709 1294 809 respondeamus
1320 721 1360 785 ut
1387 712 1491 785 etiam
1520 732 1641 785 eorum

230 841 390 936 exemplo
408 839 592 936 plerosque
609 837 695 910 alios
710 837 757 912 ad
774 839 929 913 levorem
946 847 1102 912 nostrum
1121 835 1279 910 stabilius
1295 837 1431 911 allicere
1447 837 1639 910 valeamus.

230 965 298 1038 Nos
317 965 435 1062 itaque
446 961 759 1037 animadvertentes
773 964 927 1059 preclara
945 962 1141 1038 devotionis
1158 961 1408 1059 obsequiaque
1422 961 1563 1034 illustris
1577 982 1642 1034 rex

230 1089 368 1162 Bocnde
390 1087 573 1162 Ottalrarus
598 1087 718 1160 intimo
743 1087 857 1161 cordis
881 1085 1006 1162 affectu
1029 1109 1109 1159 cnm
1132 1085 1295 1160 universa
1317 1087 1521 1160 Boemornm
1539 1093 1644 1182 gente

230 1212 397 1288 hactenus
421 1212 522 1286 nobis
546 1211 706 1285 exbibnit
731 1233 773 1284 ac
798 1212 902 1285 etiam
924 1212 1072 1286 Domino
1099 1211 1265 1305 largiente
1292 1211 1329 1283 in
1355 1218 1563 1306 perpetuum
1590 1219 1644 1282 est

230 1337 465 1430 exhibiturus,
480 1337 554 1410 suis
568 1336 615 1410 ad
633 1358 775 1434 presens
793 1337 830 1409 in
847 1345 1016 1432 quantum
1034 1357 1222 1432 possumus
1239 1332 1447 1430 respondere
1464 1333 1644 1431 cupientes

229 1461 423 1557 obsequiis,
440 1470 561 1534 notum
577 1461 723 1534 facimus
740 1471 811 1534 tam
829 1459 1046 1558 presentibus
1061 1483 1165 1556 quarn
1185 1461 1310 1532 lutaris
1332 1458 1428 1554 quod
1446 1479 1510 1532 nos
1527 1458 1642 1533 eidem

153 1603 155 1606 ’
229 1587 301 1682 regi
318 1585 457 1660 Bcemie
471 1585 642 1660 donamus
658 1595 694 1658 et
710 1583 955 1660 confirmamus
971 1608 1013 1660 ac
1024 1586 1061 1659 in
1077 1585 1548 1683 perpetuampossessionem
1566 1593 1641 1658 tra-

228 1709 344 1784 dimus
369 1709 613 1807 proprielalem
640 1719 792 1784 nostram
815 1709 893 1784 Flos
911 1733 991 1784 cum
1017 1711 1298 1784 ministerialibus
1315 1709 1425 1783 servis
1440 1710 1639 1803 cujuscum-

228 1857 298 1930 que
329 1836 456 1908 luerint
484 1834 692 1908 conditionis
718 1835 882 1930 omnique
909 1835 997 1928 juris
1025 1835 1219 1930 integritate
1242 1835 1474 1930 quarumlibet
1503 1855 1640 1929 posses·

228 1961 379 2050 sionum,
400 1969 502 2056 prout
517 1981 607 2032 avus
625 1967 740 2032 noster
757 1957 950 2032 Fridericus
967 1959 1025 2056 pie
1043 1960 1209 2032 memorie
1225 1959 1397 2052 gloriosus
1410 1959 1639 2031 Romanorum

228 2087 411 2180 imperator
433 2093 604 2178 augustus
628 2083 713 2156 emit
732 2105 753 2156 a
776 2082 917 2157 domina
940 2083 1134 2160 Adelbeida
1156 2083 1330 2157 comitissa
1352 2083 1398 2157 de
1418 2083 1532 2157 Cleve.
1553 2083 1639 2156 ltem

228 2207 399 2283 donamus
420 2209 453 2281 ei
475 2219 510 2283 et
529 2207 772 2282 confirmamus
789 2219 941 2282 castrum
958 2209 1055 2304 qnod
1076 2207 1203 2283 dicitnr
1219 2207 1449 2302 Swarczburg
1469 2229 1550 2282 cum
1571 2207 1638 2280 mi·

228 2329 458 2404 nisterialibus
476 2332 586 2405 servis
604 2331 856 2426 cujuscumque
872 2331 942 2404 sint
964 2330 1172 2404 conditionis
1192 2329 1357 2426 omnique
1377 2330 1467 2422 juris
1488 2330 1638 2425 integri-

229 2464 297 2529 tate
324 2455 558 2550 quarumlibet
587 2455 862 2552 possessionum,
890 2465 929 2528 nt
954 2456 1069 2529 dictus
1097 2477 1185 2528 avus
1213 2463 1329 2528 noster
1352 2450 1469 2553 [emit]
1499 2454 1638 2529 educe

227 2579 373 2654 ilenrico
401 2577 447 2652 de
475 2578 637 2653 Medelik.
674 2581 758 2654 ltem
788 2580 1002 2677 provinciam
1032 2580 1159 2675 blilcpn
1187 2587 1222 2652 et
1249 2577 1522 2674 itepcbembacb.
1553 2579 1637 2652 ltem

227 2701 397 2776 donamus
419 2702 453 2776 ei
471 2713 506 2776 et
523 2701 767 2778 confirmamus
784 2715 933 2778 castrum
950 2703 1190 2802 Lycbemstcin
1208 2700 1259 2800 (c)
1275 2726 1356 2776 cnm
1374 2704 1536 2778 omnibus
1554 2724 1638 2800 per·
1688 2739 1690 2744 v

226 2827 385 2900 tinenciis
404 2828 490 2900 scie.
515 2829 638 2902 Eidem
660 2829 765 2902 etiam
783 2829 857 2922 regi
875 2831 1082 2904 conferimus
1105 2829 1143 2902 in
1170 2827 1310 2902 feodum
1333 2836 1370 2901 et
1392 2825 1638 2901 confirmamus

226 2953 459 3047 possessiones
478 2952 630 3026 llantille
647 2961 682 3025 et
699 2954 791 3026 Luce
807 2949 856 3050 (t)
871 2975 952 3026 cum
968 2954 1131 3028 omnibns
1147 2951 1362 3048 pertinentiis
1378 2953 1463 3025 suis.
1480 2952 1638 3026 Preterea

226 3085 375 3150 castrum
392 3077 504 3150 Donin
516 3075 563 3172 (c)
574 3099 654 3150 cum
667 3078 742 3150 suis
756 3078 969 3174 pertinentiis
986 3077 1159 3152 donamus
1176 3087 1211 3152 et
1226 3075 1482 3166 confirmamus,
1500 3075 1530 3148 si
1548 3075 1636 3151 illud

225 3221 246 3273 a
263 3201 461 3274 marchione
484 3201 651 3276 llisnensi
675 3202 856 3276 absolvere
878 3203 1087 3300 poterimus3
1111 3203 1242 3276 sivero
1265 3203 1382 3300 ipsum
1403 3211 1554 3275 castrum
1572 3201 1635 3276 ab·

225 3323 359 3398 solvere
376 3346 445 3400 non
465 3325 673 3422 poterimus,
694 3325 862 3422 quicquid
880 3339 950 3401 tres
966 3327 1012 3401 ab
1029 3327 1153 3401 eodem
1170 3347 1254 3422 rege
1270 3326 1369 3400 electi
1387 3325 1520 3422 imperii
1539 3325 1635 3423 prin·

225 3447 318 3543 cipes
336 3448 398 3543 qui
419 3457 503 3523 tnnc
527 3449 563 3522 in
582 3450 693 3545 gratia
710 3461 827 3525 nostra
848 3452 976 3526 faedat
996 3473 1075 3524 curn
1099 3451 1210 3524 tribus
1230 3449 1382 3546 cupariis
1404 3449 1454 3547 (d)
1472 3449 1636 3524 decreve-

225 3571 305 3664 rint,
328 3574 441 3646 lacere
459 3575 718 3669 satagemusUt
735 3585 851 3650 autern
871 3585 986 3650 nostre
1001 3575 1213 3649 liberalitatis
1232 3574 1386 3666 donatio,
1407 3573 1584 3647 concessio
1601 3583 1637 3647 et

224 3695 435 3771 confirmatio
458 3699 578 3794 majori
606 3709 722 3774 atatm
738 3701 861 3774 robore
878 3709 913 3776 et
934 3699 1139 3774 evidentiori
1162 3701 1277 3772 future
1294 3697 1504 3772 successioni
1521 3707 1637 3794 pateat

224 3823 357 3896 veriore
365 3821 455 3922 (sic),
465 3847 605 3922 presens
622 3827 843 3924 privilegium
861 3847 924 3922 per
940 3846 1065 3899 manus
1081 3825 1218 3899 ilenrici
1233 3823 1278 3900 de
1292 3824 1444 3898 Parisins
1458 3823 1589 3898 notarii
1600 3833 1636 3898 et

224 3943 334 4020 fidelis
361 3949 469 4022 nostri
494 3950 598 4023 scribi
623 3961 658 4024 et
687 3953 783 4026 bulla
811 3961 929 4026 nostra
952 3973 1058 4026 aurea
1078 3951 1246 4044 jussimus
1267 3950 1494 4044 communiri,
1521 3970 1632 4040 anno,

222 4092 353 4166 mense,
370 4071 558 4149 indictione
576 4075 767 4172 suscriptis.

270 4197 381 4292 liujus
397 4199 448 4272 rei
466 4209 569 4274 testes
592 4209 674 4274 sunt
695 4199 974 4300 archiepiscopus
992 4202 1170 4293 Berensis,
1190 4199 1374 4298 episcopus
1396 4183 1629 4288 Tridentinus,

263 4387 305 4470 (a)
326 4389 374 4452 Slc
389 4410 398 4453 r
413 4399 491 4456 recte
503 4399 603 4458 tamen
619 4393 833 4476 attractata.

261 4493 297 4575 (t)
316 4497 398 4560 Alias
412 4498 549 4563 blandite
562 4505 682 4578 (recttna
694 4500 826 4586 aaut)
840 4509 871 4568 et
882 4504 955 4568 bue.

260 4599 295 4682 (c)
312 4602 517 4670 Vcrlslmlllter
536 4607 651 4674 botua.

262 4707 303 4790 (a)
323 4709 526 4777 verisimiliter
540 4719 670 4798 mpant.
