4382 5946
231 581 391 660 166666]
683 575 881 640 HISTORIA
906 571 1197 636 proconsules
1581 569 1642 632 293

280 715 476 790 Fridericus
492 711 682 803 secundus,
695 712 757 785 Dei
773 712 882 807 gratia
899 713 1129 784 Rornanorum
1146 731 1208 782 rex
1225 715 1260 780 et
1278 727 1414 802 semper
1424 713 1592 799 augustus
1609 714 1644 779 et

232 861 298 914 rex
310 838 437 911 Sicilie.
448 836 685 910 Controuersie
698 857 761 910 seu
776 837 853 910 lites
871 835 1025 910 fidelium
1041 831 1348 925 nostrorum,sicut
1360 830 1512 924 alioquin
1527 851 1642 902 coram

233 962 335 1036 nobis
354 961 577 1051 dirimuntur,
597 981 642 1033 no
657 960 694 1031 in
716 968 889 1054 protractu
907 958 1070 1054 temporis
1090 958 1126 1030 in
1147 958 1280 1030 irritum
1299 954 1493 1028 deducatur
1509 963 1568 1026 aut
1584 953 1644 1026 liat

233 1086 454 1175 obliviosum,
465 1085 634 1180 scripture
649 1083 844 1156 testimonio
858 1082 1027 1156 duximus
1044 1083 1273 1155 necessarium
1289 1079 1645 1164 commendareQua·

233 1217 373 1307 propter
395 1208 571 1282 uniuersis
592 1207 727 1303 imperii
746 1205 909 1280 fidelibus
927 1207 1142 1304 presentibus
1157 1215 1192 1278 et
1210 1205 1335 1277 suturis
1356 1213 1477 1276 notum
1498 1202 1644 1276 facimus

232 1333 330 1430 quod
361 1355 441 1405 cum
474 1332 563 1404 inter
593 1331 756 1404 dilectum
782 1332 972 1428 principem
1002 1341 1155 1404 nostrum
1184 1331 1227 1401 H.
1254 1327 1537 1422 Argentinensem
1568 1328 1643 1422 epi·

233 1479 375 1555 scopum
389 1467 423 1530 et
438 1456 549 1553 ipsius
561 1455 710 1530 civitatis
721 1457 926 1551 burgenses,
943 1455 1230 1552 proquibusdam
1244 1453 1387 1548 justitiis
1404 1462 1439 1526 et
1451 1452 1643 1526 rationibus

232 1582 271 1654 in
290 1581 430 1654 ciuitate
447 1580 617 1654 habendis
634 1579 785 1675 quedam
803 1589 923 1654 exortu
942 1581 1062 1653 luisset
1076 1579 1258 1668 dissensio,
1278 1587 1312 1651 et
1328 1587 1476 1672 utraque
1494 1577 1642 1672 partium

232 1725 338 1800 super
353 1705 408 1778 bis
425 1704 471 1778 ad
489 1725 636 1778 examen
649 1704 774 1798 judicii
790 1705 899 1778 nostri
912 1702 1167 1800 proclamasset,
1184 1704 1261 1776 talis
1273 1724 1388 1776 coram
1407 1701 1507 1775 nobis
1524 1711 1558 1774 et
1575 1702 1642 1774 sub

233 1827 424 1923 frequentia
450 1827 644 1924 principum
673 1839 708 1902 et
731 1839 932 1924 magnatum
955 1829 1091 1926 imperii
1113 1849 1176 1924 pro
1196 1827 1364 1921 Jamdioto
1387 1827 1548 1923 episcopo
1574 1828 1642 1902 lata

233 1953 299 2025 luit
316 1952 486 2026 sententia
506 1981 515 2024 ε
537 1951 633 2047 quod
653 1953 770 2026 nullus
788 1953 824 2024 in
842 1953 982 2026 civitate
998 1953 1238 2047 argentinensi
1262 1951 1443 2025 consilium
1465 1953 1643 2026 instituere

234 2076 361 2150 debeat
375 2079 431 2150 vel
453 2076 596 2171 aliquod
616 2077 744 2150 habere
762 2081 948 2174 temporale
961 2077 1153 2172 judicium,
1169 2078 1236 2150 nisi
1252 2077 1297 2151 de
1315 2099 1485 2151 consensu
1501 2088 1534 2151 et
1550 2078 1642 2154 bona

232 2202 411 2274 voluntate
433 2202 544 2297 ipsius
561 2200 712 2299 episcopi
739 2211 774 2275 et
795 2205 871 2296 ejus
888 2203 1120 2277 concessione.
1141 2201 1198 2276 Ad
1220 2202 1288 2276 hec
1309 2202 1413 2276 etiam
1435 2224 1496 2298 pro
1518 2203 1641 2278 eodem

232 2325 395 2422 episcopo
413 2325 581 2400 sententia
600 2327 677 2398 talis
694 2327 764 2400 lata
785 2327 850 2398 luit
871 2349 934 2422 pro
952 2328 1049 2400 terris
1069 2327 1137 2400 illis
1156 2327 1192 2398 in
1214 2327 1351 2402 civitate
1368 2327 1443 2401 sive
1458 2336 1554 2402 extra
1571 2351 1642 2424 que

231 2449 341 2542 vulgo
364 2458 610 2546 nuncupantur
624 2449 794 2524 Almende
810 2477 818 2522 :
834 2451 930 2547 quod
946 2453 1063 2524 nullus
1081 2451 1261 2524 bominum
1282 2451 1358 2524 illas
1383 2459 1490 2525 terras
1513 2452 1641 2528 habere

233 2573 358 2648 debeat
375 2576 432 2648 uel
449 2575 515 2648 sibi
540 2596 587 2648 ex
609 2574 740 2648 eisdem
756 2575 888 2672 aliquid
911 2576 1120 2666 vendicare,
1139 2576 1206 2648 nisi
1222 2574 1268 2649 de
1284 2597 1389 2648 manu
1407 2577 1559 2672 episcopi
1577 2580 1640 2674 qui

233 2698 327 2794 ipsas
344 2708 450 2772 terras
464 2700 509 2774 ab
522 2700 668 2796 imperio
680 2710 715 2773 et
727 2699 772 2774 de
783 2722 889 2774 manu
905 2711 1021 2785 nostra
1036 2723 1075 2775 se
1089 2710 1205 2774 tencre
1220 2700 1443 2794 recognoscit.
1464 2701 1507 2774 Ut
1524 2711 1641 2774 autern

233 2822 299 2898 hec
315 2846 386 2920 que
402 2825 558 2921 predicta
579 2836 661 2900 sunt
685 2839 890 2922 perpetuum
912 2828 1017 2902 robur
1036 2827 1214 2900 obtineant
1231 2835 1300 2899 eta
1318 2827 1413 2900 nullo
1433 2848 1586 2922 unquam
1604 2827 1639 2900 in

232 2947 368 3022 irritum
388 2947 617 3042 deducantur,
627 2961 822 3048 presentem
833 2951 964 3028 exinde
977 2952 1138 3050 paginam
1152 2951 1380 3048 conscriptam
1395 2951 1508 3047 sigillo
1524 2961 1640 3026 nostro

227 3074 396 3166 jussimus
411 3076 628 3151 communiri.

281 3199 392 3291 Hujus
408 3200 459 3272 rei
477 3209 579 3273 testes
596 3210 679 3274 sunt
695 3201 872 3276 Conradus
889 3202 1051 3276 lllelensis
1069 3211 1104 3276 et
1119 3202 1288 3299 Spirensis
1305 3201 1508 3298 episcopus,
1531 3203 1639 3298 impe-

231 3321 326 3396 rialis
348 3325 427 3396 aule
448 3325 691 3418 cancellarius,
714 3326 910 3400 Waltherus
928 3325 1125 3400 Basiliensis
1150 3326 1352 3422 episcopus,
1377 3325 1511 3400 Ulricus
1532 3327 1641 3400 abbas

232 3447 349 3520 Sancti
373 3446 478 3538 Galli,
499 3449 678 3524 Conradus
706 3450 815 3524 abbas
841 3449 1032 3546 Augensis,
1050 3449 1247 3526 Ludouious
1273 3451 1349 3524 dux
1372 3451 1535 3543 Bavarie,
1556 3453 1642 3525 Her·

231 3593 381 3646 mannus
398 3575 553 3648 marchio
575 3576 621 3650 (16
649 3577 785 3670 Β6(166,
815 3599 930 3652 comes
946 3578 1113 3674 Sybertus
1138 3575 1184 3649 de
1201 3573 1348 3665 Werda,
1370 3597 1485 3650 comes
1507 3576 1643 3650 Ulricus

231 3695 279 3768 (16
297 3697 603 3790 Quibure,·comes
623 3699 822 3776 Ludoviobs
840 3701 886 3776 de
903 3702 1152 3796 Wirtemberg,
1173 3701 1404 3774 Hartmannus
1423 3700 1576 3774 marchio
1598 3701 1645 3775 de

233 3819 411 3916 Dilingen,
432 3843 548 3896 comes
571 3825 740 3899 Henricus
762 3825 809 3900 de
828 3826 955 3921 Berge,
974 3845 1090 3899 comes
1113 3821 1309 3898 Fridericus
1331 3823 1377 3897 de
1396 3824 1515 3918 Zolre,
1533 3826 1644 3898 etalii

232 3946 466 4042 quamplures.

281 4071 407 4144 Datum
428 4071 524 4168 apud
544 4073 710 4167 llotweil,
733 4096 825 4150 anno
849 4075 1024 4150 dominice
1049 4075 1296 4150 incarnationis
1315 4074 1497 4160 millesimo
1514 4074 1643 4148 ducen-

232 4193 354 4268 tesimo
370 4194 654 4292 decimoquarto,
673 4199 775 4272 nonis
795 4197 846 4296 (l)
864 4200 993 4296 martii,
1011 4199 1200 4274 indictione
1215 4198 1382 4275 secunda.

273 4395 315 4478 (a)
337 4397 372 4461 ln
385 4401 534 4480 impressls
547 4419 632 4481 nono,
647 4404 735 4468 male.
