4378 5954
227 659 328 720 rme.
344 653 407 732 ra]
681 646 877 710 nrsronrn
903 647 1195 710 nunnonarrca
1583 650 1637 712 141

227 789 369 865 suaderi
387 785 488 860 nobis
501 791 617 883 posset
628 782 726 858 aliud
746 783 792 858 ab
808 782 953 857 eisdem.
969 783 1038 856 Nos
1056 783 1163 878 igitur
1175 781 1226 856 eis
1240 781 1371 857 auditis
1384 782 1496 858 mirati
1513 785 1642 860 luimus

229 937 302 990 non
323 911 501 987 modicum
523 919 559 985 et
584 909 744 983 commoti
764 908 916 1004 gravita
937 919 1053 982 contra
1070 929 1131 982 eos
1153 899 1227 1005 qui
1239 908 1305 982 bec
1327 907 1391 982 tibi
1414 910 1640 1006 persuadere,

230 1038 280 1112 lili
311 1036 505 1130 carissime,
534 1042 833 1132 presumpserant,
864 1041 1109 1128 cognoscentes
1133 1033 1285 1130 prolecto
1313 1031 1409 1129 quod
1437 1056 1545 1130 prava
1575 1035 1645 1108 sint

230 1165 338 1237 latera
358 1171 418 1234 tua
442 1182 513 1256 que
536 1159 600 1232 tibi
623 1157 824 1253 hujusmodi
850 1156 1072 1254 persuadent.
1097 1157 1198 1233 Unde
1221 1159 1386 1232 nimirum
1413 1159 1574 1232 timemus
1600 1182 1645 1234 ne

231 1285 514 1384 persuasionibus
533 1281 735 1358 eorumdem
759 1281 935 1375 inductus,
956 1283 1062 1356 immo
1077 1282 1242 1358 seductus
1259 1284 1389 1381 petius,
1406 1283 1532 1358 imitari
1555 1285 1644 1358 velia

92 1497 94 1505 ,
233 1412 381 1505 vestigia
400 1409 593 1485 crudelium
612 1418 838 1505 tyrannomm
853 1407 915 1504 qui
934 1406 979 1482 de
994 1417 1084 1482 terra
1105 1410 1298 1483 viventium
1316 1409 1389 1482 suis
1403 1409 1645 1505 iniquitatibus

231 1535 455 1632 exigentibus
481 1543 563 1608 sunt
588 1532 715 1606 abscisi
739 1539 775 1605 el
799 1553 893 1605 nuuc
921 1531 1009 1606 lorte
1030 1533 1144 1606 amine
1165 1534 1374 1626 cruciantur,
1395 1553 1475 1605 cum
1498 1553 1567 1607 nou
1586 1542 1646 1610 tna

232 1669 325 1736 sorte
349 1666 531 1732 contentus
555 1667 707 1732 noenum
730 1656 978 1753 pmsumpaeris
1001 1678 1188 1755 usurpare,
1214 1656 1487 1751 jurisdictionem
1511 1657 1548 1730 iu
1572 1659 1646 1733 cle-

233 1785 325 1859 ricos
344 1779 553 1859 exercendo.
564 1781 826 1879 Temporalibus
840 1781 934 1855 enim
955 1780 1126 1856 debueras
1148 1803 1225 1857 esse
1249 1790 1429 1856 contentus
1445 1804 1514 1878 que
1530 1793 1646 1857 amen

236 1909 344 1984 babes
368 1929 390 1982 a
415 1907 534 1998 uobis,
553 1917 589 1981 et
611 1927 682 1981 nou
707 1905 755 1981 ad
784 1905 975 2002 spiritualia
1002 1927 1072 2002 que
1097 1907 1144 1981 ad
1170 1927 1235 1980 nos
1260 1907 1431 2002 pertinent
1456 1907 1646 1982 extendere

235 2053 360 2108 manus
379 2040 470 2106 tuas.
495 2031 600 2123 [lude
618 2031 815 2106 memoratis
840 2029 931 2104 Ome
951 2038 986 2104 et
1009 2031 1103 2124 regis
1128 2031 1228 2105 Ozias
1252 2031 1440 2128 exemplis,
1460 2031 1509 2105 ita
1533 2033 1646 2128 pergit

235 2158 393 2256 pontifex
411 2154 446 2255 r]
463 2158 591 2232 Verum
617 2155 770 2230 sommis
794 2177 841 2230 ex
865 2177 908 2230 eo
929 2163 964 2229 te
988 2165 1090 2252 putas
1109 2155 1280 2230 offensum
1306 2153 1402 2252 quod
1430 2155 1466 2228 in
1492 2155 1645 2251 quodam

235 2281 419 2380 priuilegio
436 2279 740 2378 predecessoribus
761 2281 831 2355 tuis
851 2301 1030 2370 concesso,
1051 2279 1158 2354 immo
1180 2279 1225 2354 ab
1246 2281 1346 2354 initio
1363 2280 1474 2376 magis
1495 2291 1644 2374 extorto,

236 2405 283 2481 de
304 2405 594 2504 appellationibus
619 2405 830 2497 continetur,
852 2405 952 2500 quasi
976 2403 1184 2502 appellando
1207 2405 1332 2501 prelati
1352 2405 1468 2479 clerici
1490 2407 1649 2481 vonerint

234 2541 355 2606 contra
374 2529 479 2624 illnd;
498 2530 562 2606 sed
587 2531 617 2604 si
641 2529 844 2625 diligentins
867 2529 1071 2604 attendisses
1097 2528 1185 2626 quid
1212 2539 1328 2604 actum
1353 2530 1456 2604 luerit
1475 2553 1580 2628 super
1603 2531 1647 2606 iis

237 2666 391 2754 tempore
407 2657 499 2730 clare
521 2655 685 2731 memorie
707 2655 934 2751 imperatricis
951 2653 1146 2728 Constantie
1162 2665 1245 2727 tuuc
1261 2653 1381 2749 regine
1397 2653 1512 2728 Sicilie
1529 2637 1647 2729 matris

237 2789 315 2868 tue,
344 2800 565 2876 nequaquam
586 2777 626 2852 id
650 2777 698 2852 ad
721 2778 877 2852 animum
895 2799 1106 2852 revocasses.
1133 2777 1218 2850 Cum
1241 2779 1335 2852 enim
1361 2776 1484 2851 eadem
1501 2801 1647 2854 venera·

237 2901 344 2975 bilem
376 2903 514 2976 fratrem
539 2911 695 2976 nostrum
720 2901 983 2997 Neapolitanum
1005 2901 1303 2998 archiepiscopum
1328 2911 1363 2975 et
1385 2900 1528 2977 dilectos
1557 2901 1647 2976 filios

237 3021 486 3124 Ham[ericum]
511 3025 792 3100 archidiaconum
818 3022 1002 3114 Cothonis,
1033 3025 1235 3121 magistrum
1261 3025 1427 3100 Thomam
1457 3025 1502 3102 de
1529 3025 1648 3102 Gaieta

234 3150 466 3244 iusticiarium
492 3159 527 3225 et
548 3151 726 3225 Nicolaum
748 3150 904 3244 judicem
925 3150 1149 3246 vigiliensem
1174 3173 1237 3248 pru
1264 3149 1465 3225 innovando
1493 3153 1648 3248 predicto

240 3274 422 3370 privilegio
439 3285 474 3349 et
490 3275 714 3351 concedendo
730 3299 772 3352 ac
785 3273 1020 3350 confirmando
1036 3276 1069 3351 ei
1084 3297 1125 3350 ac
1138 3277 1200 3350 tibi
1214 3297 1321 3372 reguo
1334 3277 1381 3352 ad
1399 3286 1547 3352 nostram
1565 3301 1648 3375 pre-

239 3399 385 3473 sentiam
404 3399 621 3494 destinasset,
639 3412 675 3476 et
691 3401 741 3474 illi
757 3423 821 3498 pro
838 3401 882 3474 iis
896 3401 1129 3498 multipliciter
1144 3401 1358 3493 institissent,
1377 3423 1446 3475 uon
1463 3412 1649 3498 potuerunt

240 3545 263 3596 a
293 3523 395 3598 uubis
422 3525 639 3622 aliquatenus
661 3526 817 3601 obtinere
846 3527 998 3600 utillud
1025 3527 1191 3600 vellemus
1213 3525 1434 3622 privilegium
1461 3527 1646 3620 innovare,

239 3657 381 3746 propter
397 3659 546 3746 quatuor
563 3650 797 3748 capitulaque
814 3650 1078 3725 continebantur
1101 3652 1137 3722 in
1156 3671 1216 3743 eo,
1237 3649 1397 3724 videlicet
1413 3649 1459 3724 de
1474 3652 1648 3744 conciliis,

240 3773 492 3868 legationibus,
513 3774 804 3874 appellationibus
831 3784 866 3850 et
890 3773 1115 3850 electionibus
1138 3773 1359 3871 prelatorum.
1385 3774 1539 3849 Tandem
1568 3797 1652 3850 vero

241 3896 315 3971 dno
330 3897 467 3971 illorum
489 3897 536 3974 ad
552 3897 707 3996 predicte
726 3900 845 3974 matris
862 3908 922 3974 tue
938 3899 1142 3996 presentiam
1164 3897 1371 3992 redeuutes,
1393 3899 1536 3996 reliquis
1557 3900 1653 3998 apud

240 4021 368 4096 Sedem
391 4021 623 4120 Apostolicam
651 4024 925 4116 remanentibus,
952 4031 1188 4120 exposuerunt
1206 4023 1321 4097 eidam
1344 4045 1448 4121 super
1468 4024 1512 4097 iis
1537 4035 1652 4100 nostre

240 4146 497 4243 beneplacitum
522 4147 722 4223 uoluntatis.
752 4149 815 4222 Cui
847 4171 927 4222 cum
957 4147 1079 4222 eadem
1108 4149 1199 4222 sicut
1226 4148 1386 4243 religiosa
1414 4171 1560 4245 persona
1586 4172 1652 4224 ac-

241 4271 423 4366 quiescere
440 4271 642 4367 studuisset,
664 4271 770 4347 iidem
788 4273 835 4347 ad
853 4271 978 4348 Sedem
997 4271 1229 4370 Apostolicam
1245 4273 1370 4347 iterum
1385 4285 1601 4346 accesserunt
1617 4284 1653 4348 et

241 4395 468 4468 obtinuerunt
483 4417 506 4469 a
521 4396 622 4470 uobis
639 4395 729 4470 illud
746 4397 967 4494 privilegium
985 4396 1143 4471 innovari
1159 4406 1194 4471 et
1209 4395 1403 4471 confirmari
1420 4397 1453 4470 ei
1465 4407 1500 4470 et
1512 4397 1575 4471 tibi
1589 4421 1650 4473 re·

242 4519 488 4614 gnum,tribns
500 4521 659 4618 capitulis
667 4520 712 4596 de
722 4521 1022 4618 appellationibus,
1033 4523 1261 4617 legationibus
1270 4531 1306 4594 et
1315 4521 1651 4618 conciliisaprivile·

242 4643 302 4737 gio
316 4663 456 4739 prorsus
464 4644 646 4733 amotis,et
656 4645 1227 4740 quarto‚deelectionibusscilicet‚
1238 4645 1527 4730 moderato.Quid
1535 4657 1651 4720 autem

243 4789 351 4864 super
368 4767 593 4843 electionibus
609 4767 699 4844 iuter
715 4791 779 4844 nos
798 4793 840 4845 ao
855 4771 1023 4868 prefatam
1042 4779 1184 4844 matrem
1204 4779 1299 4842 tuam
1318 4768 1420 4841 luerit
1434 4769 1650 4868 ordinatum,
