4378 5954
511 457 568 518 tae
1008 453 1221 516 rblbssnlcl
1245 455 1419 518 securint
1733 456 1812 535 [Ans.
1831 457 1919 519 1207.

510 603 624 665 torum
646 589 801 662 omnium
822 587 1000 680 oblivisci,
1024 589 1160 662 mulieri
1177 591 1376 684 evangelice
1395 590 1646 686 comparandos
1666 611 1736 684 qne
1756 611 1837 663 cum
1857 613 1917 686 pe·

511 717 599 812 perit
631 713 741 787 filium
767 735 925 810 pressure
951 713 1093 787 minime
1119 716 1334 807 recordatur,
1357 716 1457 789 nobis
1478 737 1548 788 non
1570 723 1675 789 restat
1701 715 1799 790 aliud
1815 738 1919 810 quam

512 839 758 936 gaudendum,
774 838 856 933 quia
875 837 1037 933 quamvis
1057 837 1103 912 ad
1123 839 1374 934 plenitudinem
1390 849 1449 914 tue
1464 841 1560 936 pacis
1577 839 1699 913 deesse
1713 838 1846 936 aliquid
1860 841 1922 914 vi-

513 963 648 1056 deatur,
669 983 848 1059 speramus
865 971 981 1035 mmen
999 961 1094 1057 qnod
1111 963 1142 1035 si
1161 973 1260 1036 tuum
1276 964 1312 1036 in
1329 965 1476 1038 Domino
1487 965 1671 1059 jactaveris
1685 965 1872 1059 cogitatum
1889 975 1923 1038 et

512 1107 632 1162 eorum
650 1085 805 1182 providis
824 1083 976 1158 consiliis
996 1083 1233 1178 acquieveris,
1253 1085 1314 1180 qui
1331 1095 1365 1158 te
1387 1095 1465 1182 post
1479 1087 1709 1160 violentorum
1729 1085 1921 1160 custodiam

513 1213 549 1284 in
567 1233 631 1284 sue
649 1208 843 1282 sedulitatis
863 1209 1068 1302 obsequium
1090 1219 1311 1306 receperunt,
1336 1209 1395 1282 ille
1413 1231 1596 1306 perquem
1612 1223 1713 1306 reges
1726 1221 1872 1306 regnant
1889 1221 1924 1284 et

512 1335 685 1432 principes
703 1333 941 1428 principantur
955 1341 1053 1406 tuum
1069 1334 1192 1406 solium
1211 1333 1428 1407 confirmabit
1441 1343 1475 1408 et
1492 1333 1591 1408 dabit
1610 1334 1671 1406 tibi
1686 1334 1923 1408 fortitudinem

512 1481 554 1534 ac
570 1459 735 1534 virtutem
754 1478 815 1554 per
831 1477 919 1552 quas
934 1458 1046 1554 possis
1063 1458 1212 1532 inimicis
1226 1459 1394 1532 obsistere
1410 1469 1581 1554 tuumque
1597 1460 1765 1556 populum
1781 1459 1924 1534 feliciter

512 1587 718 1681 gubernare.
744 1583 926 1656 Monemus
945 1603 1027 1676 ergo
1047 1584 1264 1658 serenitatem
1286 1585 1416 1679 regiam
1441 1593 1476 1658 et
1496 1584 1674 1658 hortamur
1699 1585 1862 1657 attentius
1884 1607 1924 1658 ac

513 1733 577 1808 per
590 1707 775 1804 apostoliea
793 1707 921 1803 scripta
934 1705 1141 1782 mandamus
1153 1717 1339 1804 quatenus,
1360 1711 1493 1784 elevato
1511 1707 1559 1782 ad
1570 1699 1687 1782 Deum
1698 1708 1815 1801 eorde,
1833 1730 1925 1804 quc·

514 1833 657 1908 tidianis
678 1832 840 1928 precibus
860 1831 905 1904 ab
928 1853 970 1906 eo
998 1834 1179 1906 confortari
1198 1855 1339 1929 corpore
1360 1855 1403 1907 ac
1424 1843 1540 1908 mente
1556 1835 1729 1929 requiras,
1751 1833 1925 1928 gaudens-

514 1981 585 2054 que
600 1958 696 2053 quod
714 1957 750 2028 in
764 1977 883 2030 eorum
898 1955 993 2031 fideli
1010 1955 1167 2031 custodia
1184 1979 1222 2031 es
1235 1959 1406 2054 repositus
1420 1959 1476 2033 vel
1490 1979 1638 2053 quorum
1652 1979 1770 2032 curam
1785 1969 1845 2034 tua
1864 1959 1925 2032 tibi

468 2179 481 2214 s
515 2084 667 2180 genitrix
692 2082 872 2178 deputavit
893 2083 949 2154 vel
969 2083 1031 2177 qui
1055 2083 1131 2155 loeo
1151 2103 1271 2157 eorum
1294 2084 1423 2178 quiex
1445 2083 1530 2180 ipsis
1553 2085 1770 2159 decesserant
1786 2105 1925 2157 succes·

515 2217 652 2300 serunt,
682 2207 824 2280 maturis
853 2228 972 2280 eorum
997 2206 1211 2280 intendendo
1241 2207 1413 2299 consiliis,
1440 2209 1628 2283 moralibus
1656 2217 1792 2303 satagas
1816 2209 1926 2282 imbui

518 2333 721 2429 disciplinis.
747 2333 816 2405 Nos
838 2332 931 2404 enim
958 2331 1195 2426 tranquillitati
1218 2340 1252 2405 et
1272 2333 1349 2430 paci
1373 2343 1432 2408 tue
1455 2332 1688 2407 sollicitudine
1713 2333 1926 2408 intendimus

517 2457 689 2531 indelessa
703 2455 866 2551 regisque
883 2455 1073 2529 serenitatis
1087 2464 1311 2551 angmentum
1329 2457 1566 2555 spiritualibus
1584 2458 1769 2552 vigilamus
1785 2467 1819 2531 et
1837 2467 1926 2532 tem-

518 2582 694 2680 poralibus
718 2582 860 2654 auxiliis
884 2601 1103 2676 promovere,
1125 2593 1301 2677 sperantes
1322 2581 1359 2654 in
1381 2583 1529 2656 Domino
1546 2583 1642 2677 quud
1661 2583 1873 2677 diligentiam
1894 2591 1927 2656 et

516 2706 794 2782 benevolentiam
814 2705 914 2780 Sedis
932 2706 1129 2801 Apostolice
1146 2706 1264 2781 matris
1281 2715 1340 2779 tue
1357 2715 1521 2802 tanquam
1545 2706 1692 2780 devotus
1713 2705 1806 2781 lilius
1823 2705 1927 2780 eorde

515 2853 651 2928 semper
667 2839 701 2904 et
715 2851 820 2926 opere
836 2849 1073 2924 recognosces.

565 2957 690 3028 Datum
712 2957 818 3027 Rome
835 2954 930 3050 apud
948 2955 1111 3026 Sanctum
1129 2954 1285 3043 Petrum,
1305 2953 1349 3025 lv
1368 2953 1535 3027 kalendas
1555 2953 1737 3046 februarii,
1756 2973 1846 3026 anno
1865 2953 1923 3026 lX.

568 3077 624 3178 [ln
644 3081 788 3175 liegesto
807 3078 1019 3175 praecedunt
1036 3077 1231 3151 duaealiae
1245 3079 1412 3174 epistolae
1424 3077 1470 3152 de
1485 3099 1523 3152 re
1539 3078 1679 3169 eadem,
1700 3087 1734 3152 et
1752 3077 1798 3154 de
1814 3079 1929 3152 matri-

518 3205 634 3279 monio
650 3227 730 3278 cum
748 3225 864 3277 sorore
877 3203 971 3298 regis
989 3201 1189 3297 Aragonum
1206 3201 1441 3276 contrahendo
1459 3229 1467 3273 r
1485 3225 1556 3275 una
1574 3202 1801 3276 familiaribus
1819 3201 1925 3294 regis,

518 3331 625 3404 altera
644 3328 927 3426 archiepiscopis,
950 3327 1112 3423 praelatis
1130 3349 1172 3400 ae
1190 3325 1374 3400 comitibus
1396 3329 1432 3400 in
1457 3349 1566 3422 regne
1584 3327 1720 3402 Siciliae
1736 3327 1929 3401 constitutis

520 3456 682 3550 scriptam
704 3454 776 3528 dat.
793 3453 889 3549 apud
905 3456 1067 3526 Sanctum
1085 3453 1234 3544 Petrum,
1252 3453 1282 3526 V
1299 3453 1368 3526 lral.
1381 3453 1469 3527 lebr.
1488 3451 1740 3551 (arjandan).
1757 3453 1813 3526 Ex
1824 3454 1929 3526 indice

520 3579 599 3652 Mra.
617 3579 654 3650 in
672 3578 832 3651 Biblietb.
849 3579 1065 3668 Parisiensi.]

327 4195 484 4238 rimaran
573 4160 786 4248 Fridericus
803 4183 868 4241 rex
888 4156 1035 4240 Siciliae
1052 4155 1215 4240 lieberto
1234 4155 1429 4240 Guindaco
1457 4155 1568 4238 militi
1594 4153 1770 4263 Neapolis
1787 4176 1931 4236 conm-

346 4249 463 4314 Panormi,

394 4315 439 4345 nro.

301 4369 306 4374 .
366 4303 393 4356 ¹¹¹
520 4299 577 4381 dit
594 4297 803 4408 quamdam
826 4291 1059 4375 suadentium
1085 4289 1125 4371 in
1153 4290 1359 4373 tenimento
1379 4289 1607 4396 Cumarum,
1629 4288 1701 4372 sub
1719 4287 1933 4370 conditione

521 4431 661 4516 servitii
678 4426 852 4510 militaris
870 4452 939 4536 pro
957 4425 1092 4530 feudo,
1118 4423 1150 4505 si
1176 4424 1275 4506 dicta
1295 4423 1488 4508 suadentia
1506 4448 1595 4507 cum
1612 4421 1813 4505 medietate
1829 4417 1933 4502 leudi

522 4590 641 4676 quam
657 4563 791 4671 habet,
811 4560 969 4645 feudum
987 4558 1102 4642 unius
1119 4557 1251 4640 militis
1270 4555 1411 4641 lecerit.
