4378 5954
235 549 334 608 laetor.
349 545 393 626 o]
685 539 883 604 HISTORIA
908 540 1200 603 blatodarch.
1609 535 1650 598 93

235 683 364 756 lectum
385 693 485 753 tunm
510 676 694 750 efficaciter
717 679 930 773 aspiramns3
949 687 1125 774 sperantes
1143 675 1238 770 quod
1258 685 1293 748 tu
1313 673 1464 748 consiliis
1485 680 1520 747 et
1541 671 1650 746 bene·

235 807 371 903 placitis
390 803 516 878 nostris
539 800 749 876 omnimodis
774 803 975 897 acquiescas
993 813 1028 875 et
1047 812 1178 896 quanto
1200 799 1349 896 amplius
1371 797 1648 894 prosperaveris,

235 937 329 1004 tanto
348 929 504 1004 devotior
523 927 625 1000 nobis
651 925 727 1000 lias.
752 928 825 1000 Hoo
843 939 897 1001 est
916 950 999 1022 ergo
1022 927 1205 1000 consilium
1232 935 1267 998 et
1291 923 1546 1020 beneplacitum
1569 944 1651 996 nos·

235 1065 327 1128 trum
341 1053 439 1150 quod
457 1051 520 1126 tibi
538 1052 606 1124 sub
619 1051 762 1126 obtentu
785 1055 894 1146 gratie
915 1063 1030 1126 nostre
1043 1051 1269 1140 mandemus,
1290 1055 1345 1141 nt,
1367 1048 1451 1144 quia
1469 1047 1532 1120 tibi
1552 1049 1650 1148 locus

235 1179 375 1252 offertur
395 1189 429 1252 et
444 1186 580 1274 tempus
595 1186 629 1249 et
648 1185 719 1250 tam
736 1177 860 1271 vigens
882 1179 1068 1251 nemesius
1080 1199 1185 1272 quam
1201 1175 1343 1249 evidens
1359 1175 1490 1247 utilitas
1508 1173 1574 1246 boc
1591 1195 1650 1247 re-

234 1303 358 1398 quirit,
382 1299 477 1376 omni
499 1299 723 1374 excusatione
745 1311 920 1391 cessante,
942 1301 1082 1375 lestines
1104 1303 1140 1372 in
1163 1301 1314 1373 Siciliam
1342 1297 1513 1396 proficisci
1530 1307 1648 1371 contra

235 1425 407 1522 perfidum
422 1425 675 1517 blurcualdum,
689 1426 750 1521 qui
767 1428 889 1522 procul
903 1427 1012 1502 dubio
1029 1437 1063 1498 te
1079 1447 1148 1498 non
1166 1425 1365 1520 expectabit
1379 1425 1415 1497 in
1430 1443 1566 1520 campo,
1583 1421 1647 1496 sed

234 1549 270 1620 in
284 1549 401 1644 aliquo
420 1550 618 1624 recludetur
631 1551 789 1643 castello;
810 1551 930 1646 sieque
948 1551 993 1625 de
1011 1552 1102 1624 lucili
1121 1560 1226 1623 totam
1244 1560 1369 1622 terram
1391 1549 1453 1621 tibi
1471 1550 1643 1622 laventem

233 1672 392 1746 invenies
421 1683 457 1746 et
483 1681 553 1746 tam
576 1673 611 1746 in
641 1675 806 1770 expensis
829 1697 936 1768 quam
958 1675 1036 1746 aliis
1057 1674 1120 1746 tibi
1142 1683 1177 1746 et
1198 1675 1267 1746 tuis
1288 1674 1497 1746 sufficienter
1515 1673 1644 1768 poteris

233 1797 435 1894 providere,
455 1806 659 1893 tantumque
677 1799 807 1872 bonum
828 1799 890 1871 tibi
911 1800 1089 1895 proveniet
1108 1808 1276 1892 quantum
1295 1817 1359 1871 nec
1377 1819 1561 1894 possumus
1579 1819 1643 1871 nec

232 1921 395 1994 volumus
420 1921 527 1995 literis
548 1922 735 2018 explicare.
759 1923 862 2008 Quod
886 1923 915 1996 si
938 1925 1024 1998 forte
1049 1945 1118 1996 non
1141 1923 1225 2014 ires,
1251 1932 1384 1995 tantum
1407 1922 1491 1996 iude
1513 1923 1641 1996 malum

232 2045 403 2120 accideret
428 2054 597 2139 quantum
619 2047 837 2142 omnipotens
859 2050 951 2120 Deus
976 2047 1134 2124 accidere
1155 2069 1223 2120 nou
1245 2048 1429 2142 permittat.
1448 2050 1538 2120 Dum
1557 2067 1640 2142 ergo

232 2178 266 2242 te
283 2169 379 2243 'lama
395 2171 550 2266 precedit
571 2180 605 2244 et
627 2171 782 2244 succedit
802 2173 954 2264 lortuua,
977 2194 1031 2244 res
1053 2194 1121 2244 nou
1143 2172 1253 2244 solum
1272 2171 1448 2263 difficiles,
1470 2171 1535 2244 sed
1554 2193 1640 2266 pene

231 2291 461 2388 impossibiles
481 2295 625 2390 aggredi
644 2316 713 2368 non
733 2296 910 2371 formides.
929 2297 985 2370 Ad
1003 2297 1264 2370 subventionem
1285 2298 1390 2391 igitur
1409 2319 1639 2392 expensarum

231 2415 268 2488 in
290 2425 350 2492 tua
371 2419 534 2514 ponimus
560 2421 699 2516 optione
726 2443 770 2494 an
796 2422 884 2494 velis
909 2443 1030 2495 omnes
1056 2433 1243 2516 proventus
1268 2424 1509 2495 camerariatus
1535 2422 1640 2494 totius

231 2539 357 2638 Apulie
368 2565 410 2616 ao
422 2545 524 2617 Terre
536 2545 679 2618 laboris
695 2546 943 2642 presentialiter
955 2546 1059 2618 vendi
1073 2569 1134 2640 pro
1149 2547 1256 2641 pretio
1275 2547 1378 2618 etiam
1395 2545 1518 2618 minori
1532 2568 1638 2640 quam

230 2665 369 2739 valeant
392 2675 427 2740 et
446 2668 594 2763 pretium
613 2669 729 2765 ipsum
748 2669 899 2766 accipias
921 2671 1142 2760 universum,
1159 2693 1202 2742 an
1221 2671 1321 2742 malis
1339 2671 1432 2765 ipsos
1453 2682 1638 2765 proventus
1691 2749 1694 2756 ,

230 2793 478 2866 mercatoribus
493 2793 637 2886 obligari
657 2815 720 2890 pro
736 2795 885 2891 pecunia
901 2794 1093 2866 mutuanda
1109 2795 1211 2866 etiam
1225 2795 1292 2867 sub
1306 2795 1434 2882 usuris,
1452 2797 1509 2868 vel
1526 2796 1637 2888 magis

230 2925 388 3012 acceptes
404 2915 502 3012 quod
522 2918 676 3010 magistri
694 2919 872 2992 camerarii
895 2918 1043 3014 deipsis
1068 2919 1293 3014 proventibus
1317 2920 1378 2991 tibi
1396 2921 1453 2992 vel
1476 2941 1635 3014 procura·

231 3039 294 3114 tori
309 3049 370 3114 tuo
383 3041 462 3116 vioe
476 3051 590 3117 nostra
604 3044 834 3140 respondeant
850 3044 887 3115 in
902 3041 1087 3136 integrum.
1103 3043 1202 3116 Unde
1218 3065 1280 3116 nos
1294 3045 1356 3116 tibi
1370 3055 1405 3116 et
1420 3043 1536 3116 literas
1549 3043 1637 3116 obli·

229 3169 380 3260 galeriae
394 3169 643 3242 mercatoribus
656 3168 874 3243 exhibendas
893 3178 928 3243 et
945 3171 1057 3242 literas
1073 3169 1303 3265 preceptorias
1319 3168 1547 3262 assignandas
1563 3191 1638 3242 ma·

227 3290 344 3384 gistris
373 3291 569 3365 camerariis
596 3293 810 3368 destinamus
840 3292 906 3392 (l).
936 3295 975 3366 ln
1004 3303 1063 3366 tna
1091 3303 1244 3388 preterea
1277 3293 1437 3388 ponimus
1461 3295 1639 3367 voluntate

227 3423 345 3486 ntrum
366 3415 455 3488 velis
480 3415 645 3489 dilectum
668 3415 777 3490 tilium
807 3415 957 3490 nobilem
982 3417 1096 3490 virum
1118 3419 1149 3490 J.
1176 3417 1418 3491 consobrinum
1446 3428 1481 3491 et
1504 3439 1638 3492 mares·

227 3537 363 3611 odeum
377 3547 533 3613 nostrum
548 3549 663 3614 tecm
681 3541 802 3616 venire
815 3565 862 3616 an
879 3541 925 3615 ad
940 3543 1132 3616 custodiam
1146 3552 1234 3615 terre
1248 3543 1284 3614 in
1301 3542 1428 3639 Apulia
1445 3565 1634 3618 remanere.

227 3659 333 3757 Apud
350 3665 492 3738 comites
507 3666 610 3739 etiam
629 3676 664 3740 et
679 3667 828 3740 barones
847 3668 1003 3762 aliosque
1023 3665 1142 3740 fideles
1159 3677 1194 3739 et
1214 3667 1376 3763 precipue
1395 3667 1528 3742 nobiles
1545 3669 1639 3743 viros

226 3785 413 3881 Rogerium
435 3787 640 3862 Theatinum
660 3801 695 3864 et
711 3790 878 3864 Jaeobum
896 3791 1160 3864 Tricorioensem
1180 3791 1339 3882 comites,
1360 3791 1640 3887 quibuscumque

229 3909 343 3986 modis
358 3911 562 4007 poterimus,
578 3913 798 3988 studebimus
814 3937 999 4011 pmcuraro
1018 3925 1056 3986 ut
1073 3915 1286 3987 Dlubuldum
1306 3915 1496 4012 impediant
1516 3927 1551 3990 et
1573 3918 1639 3989 im-

227 4044 401 4128 pugnent,
421 4059 467 4110 ue
480 4045 605 4110 terram
621 4047 716 4110 tuam
729 4041 836 4136 possit
850 4041 1025 4115 offendere
1044 4041 1100 4113 vel
1123 4041 1262 4112 intrare.
1284 4041 1405 4135 Neque
1421 4063 1483 4136 per
1502 4050 1638 4136 treugas

261 4396 298 4470 (l)
317 4397 422 4456 Adsunt
434 4401 508 4458 enim
521 4401 622 4460 ibidem
635 4419 699 4462 cum
712 4403 784 4462 notis
795 4403 987 4480 chronologicis
998 4405 1110 4476 eisdem,
1121 4407 1158 4460 nl⁸
1170 4404 1307 4462 LXXXVI
1320 4410 1349 4460 et
1360 4402 1520 4472 LXXXVll,
1535 4402 1639 4460 litterae

225 4496 422 4555 mercatoribus
434 4497 549 4558 directae
562 4517 644 4574 super
654 4501 769 4576 pecuma
779 4505 923 4560 mutuanda
936 4505 1067 4576 usquead
1079 4503 1219 4561 triarnillia
1232 4503 1379 4572 unciarum,
1388 4507 1416 4559 et
1425 4501 1499 4558 lratri
1509 4502 1638 4561 Riceardo

225 4587 385 4745 ophiluglenio
398 4595 533 4670 magistris
553 4597 708 4656 camerariis
722 4597 837 4674 Apuliae
851 4606 879 4656 et
892 4601 989 4658 terrae
1005 4601 1117 4659 Laboris
1129 4617 1211 4675 super
1222 4599 1358 4656 voluntate
1373 4599 1478 4657 comitis
1496 4599 1523 4656 in
1537 4598 1590 4655 bac
1607 4613 1638 4655 re

225 4701 241 4742 a
261 4687 316 4763 'mp
326 4689 404 4748 enda.
