4434 5942
561 582 603 644 ’36
1066 581 1280 643 ralbnalcl
1306 581 1481 645 suebant
1784 583 1866 670 [dau.
1884 585 1969 648 1199.

564 719 655 792 sicut
670 717 772 790 uobis
783 738 831 790 ex
843 717 1046 812 transcripto
1058 717 1246 790 litterarum
1258 741 1346 814 quas
1357 714 1554 816 th[lipp0]
1572 717 1624 811 (l)
1636 719 1793 792 mittebat
1807 720 1969 810 innotuit,

563 841 713 913 Siciliam
729 849 782 914 est
799 841 988 934 ingressus,
1003 849 1038 912 et
1053 861 1123 913 nou
1143 843 1240 934 regni
1259 842 1324 916 sed
1342 842 1435 937 regis
1451 841 1570 931 etiam,
1584 841 1713 914 oblitus
1726 842 1970 916 beneficiorum

564 964 673 1061 patris
693 963 754 1058 qui
782 984 863 1036 eum
886 964 998 1036 erexit
1024 963 1069 1036 de
1093 965 1237 1058 pulvere
1259 964 1364 1038 etde
1392 973 1542 1038 stercore
1569 963 1768 1058 suscitavit,
1794 967 1972 1040 excidium

563 1088 766 1180 meditatur,
780 1088 879 1182 quasi
893 1088 966 1161 suis
980 1087 1099 1160 diceus
1114 1087 1324 1162 fautoribus:
1336 1117 1351 1156 a
1361 1088 1424 1160 llic
1437 1097 1491 1160 cet
1503 1087 1604 1160 heres
1614 1113 1623 1159 t
1634 1088 1763 1182 venite,
1773 1090 1973 1166 occidamus

563 1233 643 1286 eum
665 1221 700 1284 et
717 1211 923 1284 habebimus
938 1209 1162 1285 hereditatem
1182 1212 1304 1307 ipsius.
1324 1235 1343 1281 s
1362 1212 1398 1284 Si
1414 1211 1515 1284 nohis
1539 1233 1609 1285 uon
1632 1213 1788 1304 creditis,
1810 1215 1972 1310 operibus

562 1335 703 1409 credita.
720 1335 758 1407 ln
776 1336 852 1432 ipso
868 1357 1020 1430 namque
1036 1336 1194 1428 ingressu
1210 1356 1274 1409 suo
1291 1335 1503 1430 quibusdam
1517 1336 1714 1410 Sarracenis
1733 1337 1973 1412 confederatus

561 1481 680 1533 eorum
699 1460 766 1532 sibi
783 1469 901 1533 contra
920 1479 1039 1554 regem
1057 1467 1093 1532 et
1111 1459 1315 1533 christianos
1329 1459 1535 1533 convocavit
1551 1459 1724 1533 auxilium
1742 1469 1777 1534 et
1793 1471 1972 1535 uteorum

560 1579 694 1657 animos
706 1582 754 1657 ad
772 1593 922 1678 stragem
939 1593 1134 1656 nostrorum
1151 1583 1300 1679 amplius
1316 1583 1484 1658 excitaret
1506 1593 1542 1656 et
1558 1575 1807 1679 sitim'augeret
1829 1607 1969 1677 eorum,

556 1709 631 1802 jam
648 1709 801 1806 ipsorum
821 1709 938 1780 fauces
952 1707 1139 1780 christiano
1154 1707 1324 1803 sanguiue
1339 1708 1534 1782 ementavit
1545 1718 1581 1782 et
1593 1707 1756 1782 mulieres
1770 1709 1972 1784 christianas

562 1841 679 1927 captas
700 1853 765 1927 por
786 1831 987 1906 violentiam
1012 1851 1132 1904 eorum
1158 1831 1320 1928 exposuit
1343 1831 1526 1905 voluntati.
1549 1832 1661 1916 Quem
1686 1831 1793 1927 igitur
1812 1834 1877 1908 etsi
1901 1853 1972 1906 uon

563 1955 662 2052 pueri
678 1951 783 2051 regis,
796 1955 900 2050 Regis
915 1975 1036 2049 regum
1052 1977 1156 2028 cauea
1166 1977 1237 2030 nou
1246 1965 1385 2030 moveat
1396 1965 1430 2028 et
1444 1977 1514 2028 nou
1527 1963 1647 2050 tangat
1660 1955 1782 2048 injurie
1793 1955 1971 2029 crucifixi?

564 2082 651 2168 Quis
672 2103 742 2155 uon
762 2081 918 2176 insurgat
935 2081 972 2152 in
990 2079 1088 2152 illum
1107 2081 1168 2175 qui
1189 2090 1307 2156 conus
1324 2103 1444 2154 ornnes
1465 2080 1613 2175 insurgit
1633 2089 1669 2154 et
1686 2079 1839 2154 inimicis
1851 2081 1972 2154 'mucis

564 2205 736 2299 sejungit
759 2215 800 2278 ut
823 2204 928 2279 fidem
955 2206 1067 2278 crucis
1087 2215 1234 2280 evacuet
1255 2215 1291 2278 et
1309 2207 1422 2280 factus
1441 2204 1573 2278 infideli
1601 2205 1750 2279 deterior
1772 2204 1972 2279 infidelibus

563 2331 685 2404 nititur
701 2331 890 2425 subjugare
906 2329 1049 2405 fideles?
1065 2333 1184 2404 chum
1200 2331 1306 2424 igitur
1324 2330 1444 2406 divine
1464 2331 1552 2423 legis
1566 2329 1733 2405 habentes
1747 2351 1827 2404 curn
1843 2329 1972 2404 Phiuse

563 2455 729 2528 festinet-is
753 2453 908 2546 accingi,
931 2463 969 2526 ut
992 2453 1142 2528 ludeum
1158 2454 1385 2529 divertentem
1411 2455 1459 2529 ad
1484 2455 1708 2528 Madiauitam
1733 2476 1813 2528 cum
1836 2475 1878 2528 ea
1900 2463 1972 2528 unc

563 2578 669 2650 unius
685 2577 755 2650 ictu
771 2575 879 2672 gladii
897 2577 1027 2650 feriatis
1042 2587 1079 2650 et
1094 2577 1192 2671 regni
1209 2577 1325 2651 Sicilie
1340 2577 1535 2652 defendatis
1552 2579 1716 2652 honorem
1730 2599 1835 2674 quern
1852 2579 1971 2653 defeu-

560 2723 660 2776 suros
677 2723 742 2776 vos
764 2699 846 2774 fidei
868 2701 1035 2795 religione
1058 2700 1233 2774 firmastis.
1252 2702 1347 2776 Licet
1363 2703 1455 2776 enirn
1474 2705 1680 2776 Sarracenos
1699 2703 1729 2776 si
1751 2702 1971 2778 infidelitate

560 2825 708 2924 predicti
730 2823 823 2920 'regis
842 2826 1091 2920 permanserint
1113 2824 1259 2918 diligere
1277 2847 1320 2898 ac
1340 2835 1564 2900 manutenere
1578 2829 1727 2902 velimus
1742 2837 1778 2901 et
1796 2827 1905 2902 bonas
1920 2827 1971 2900 eis

563 2949 834 3023 consuetudines
861 2949 1054 3044 adaugere,
1074 2950 1245 3024 sustinere
1262 2959 1378 3024 tamen
1394 2972 1460 3024 uec
1475 2952 1639 3026 volumus
1660 2973 1725 3024 uec
1744 2951 1915 3025 dehemus
1933 2959 1972 3023 ut

565 3095 646 3146 cum
667 3073 887 3147 Marccvaldo
907 3073 1006 3166 regui
1027 3071 1206 3146 excidium
1228 3073 1480 3148 machinentur.
1504 3075 1684 3148 hfonemus
1705 3074 1812 3168 igitur
1831 3074 1970 3148 uuiver-

564 3198 700 3271 eitatem
714 3207 863 3272 vestram
881 3207 916 3271 et
929 3197 1153 3271 exhortamur
1167 3197 1204 3270 in
1220 3197 1366 3294 Domine
1381 3207 1417 3270 et
1430 3198 1467 3270 in
1484 3199 1722 3272 remissionem
1740 3197 1841 3271 vohis
1856 3199 1971 3290 iujun-

564 3323 681 3418 gimus
707 3321 1124 3418 peccatorum'quatenus
1151 3321 1188 3394 in
1215 3320 1346 3395 dictum
1369 3321 1624 3396 hfmcovaldum
1652 3323 1829 3396 inimicum
1852 3323 1972 3396 ficiet

563 3447 728 3536 Ecoleeie,
740 3456 993 3542 persecutorem
1006 3445 1112 3540 regis,
1124 3443 1207 3518 inde
1217 3445 1435 3522 solummodo
1447 3447 1622 3521 fortiorem
1636 3445 1771 3521 hostem
1786 3446 1972 3520 christiane

564 3569 742 3664 religionis
764 3569 859 3644 unde
885 3569 1062 3644 familiaris
1088 3579 1141 3642 cst
1170 3569 1347 3661 inimicus,
1367 3570 1403 3642 iu
1427 3571 1568 3644 nornine
1593 3571 1730 3646 Domini
1754 3571 1971 3646 exercituum

564 3703 720 3792 potenter
732 3703 768 3766 et
781 3693 925 3767 viriliter
935 3693 1134 3796 assurgatis,
1147 3713 1215 3767 non
1231 3695 1390 3769 timentes
1405 3703 1486 3768 ante
1502 3695 1626 3768 faciem
1642 3694 1731 3787 ejus,
1744 3694 1908 3790 quoniam
1924 3715 1971 3768 ex

565 3810 636 3913 quo
652 3809 793 3891 recessit
807 3839 829 3890 a
844 3816 990 3890 Domino
1017 3816 1194 3891 invenient
1215 3839 1295 3892 cum
1313 3819 1422 3893 multa
1438 3820 1546 3907 mala,
1564 3818 1729 3914 quoniam
1752 3827 1787 3891 et
1806 3819 1971 3892 Dominus

565 3941 703 4037 abipso
725 3939 866 4016 racemis
880 3961 946 4014 nec
969 3939 1183 4036 derelinquet
1197 3941 1343 4014 ulterius
1357 3941 1492 4037 virgam
1511 3941 1702 4038 pecmtoris
1723 3963 1828 4038 super
1847 3951 1971 4014 eonem

560 4071 745 4164 justorum.
765 4067 835 4140 Nos
854 4065 946 4138 enim
965 4065 1181 4142 attendentes
1205 4065 1386 4166 perfidiam
1407 4065 1619 4140 hlarocvaldi
1638 4067 1700 4162 qui
1723 4087 1803 4140 cum
1819 4087 1890 4140 non
1907 4085 1970 4162 po-

564 4192 669 4268 tuerit
687 4213 768 4266 curn
784 4191 977 4265 christianis
992 4191 1158 4266 hacteuus
1171 4192 1366 4289 prevalere,
1382 4215 1463 4266 cum
1482 4191 1659 4266 saracems
1673 4201 1712 4264 ut
1725 4189 1972 4287 prelibavimus

1602 4395 1969 4411 ——n—-ffl

599 4517 637 4592 (4)
655 4517 761 4576 Scilicet
771 4516 909 4593 Philippus
923 4517 978 4576 dux
989 4514 1112 4589 medae,
1128 4521 1145 4574 6
1159 4516 1247 4577 martii
1262 4520 1331 4576 ttae
1345 4533 1362 4576 a
1375 4517 1519 4576 (fibelliuis
1531 4518 1560 4576 in
1573 4533 1664 4592 regem
1678 4518 1858 4576 homanorum
1869 4513 1971 4572 electus

564 4621 593 4676 et
612 4621 628 4672 s
652 4616 812 4691 septembris
830 4616 866 4675 ab
888 4615 1089 4690 archiepiscopo
1108 4615 1307 4674 Tarentasiensi
1323 4621 1483 4690 coronatus;
1507 4617 1585 4691 cuius
1607 4631 1638 4676 se
1657 4614 1786 4676 derium
1805 4609 1971 4672 damnum

563 4713 766 4788 praetendebat.
