4434 5942
542 565 584 626 ce
1044 560 1260 623 rnrnnnrcr
1285 557 1459 624 sacuam
1774 561 1853 646 [sn.
1871 561 1959 627 usco.

543 723 606 774 cus
627 699 749 773 divina
774 700 912 772 favente
937 699 1118 772 clementia
1132 719 1197 773 rex
1214 699 1346 790 Sicilie,
1368 697 1517 772 ducatus
1540 695 1666 792 Apulia
1690 706 1726 770 et
1746 699 1962 797 principatus

543 825 673 920 Capua.
693 823 767 895 Etsi
791 823 887 918 regie
911 822 1148 896 munificentie
1164 823 1274 918 gratia
1285 821 1492 896 'devocionis
1510 821 1635 895 affectu
1651 821 1726 896 loca
1740 821 1866 897 debeat
1881 826 1961 899 reli·

543 949 641 1044 giosa
659 947 845 1042 respicere,
867 969 909 1020 co
927 957 1041 1022 mmen
1067 948 1279 1022 laudabilius
1304 970 1369 1021 sua
1394 947 1499 1021 debet
1525 947 1736 1042 protectione
1757 949 1875 1023 lovere
1890 972 1961 1046 que

543 1072 639 1168 apud
662 1072 847 1145 Dominum
876 1081 910 1144 et
935 1073 1091 1146 homines
1114 1073 1205 1148 bone
1232 1070 1503 1148 conversationis
1531 1071 1693 1144 meritum
1724 1079 1760 1146 et
1784 1073 1961 1150 laudabile

543 1195 776 1270 testimoninm
801 1207 1049 1292 promerentur.
1071 1195 1296 1271 Attendentes
1312 1197 1419 1292 igitur
1436 1195 1657 1270 devotionem
1670 1204 1767 1270 tuam
1780 1221 1887 1293 quam
1904 1210 1956 1294 tu,

540 1321 749 1394 venerabilis
770 1321 880 1394 abbas
897 1323 1013 1395 Sancti
1031 1321 1196 1418 Stephani
1224 1321 1269 1396 de
1295 1323 1457 1412 Nemore,
1473 1319 1575 1394 nobis
1599 1329 1634 1394 at
1655 1320 1959 1416 predecessoribus

539 1446 665 1520 nostris
689 1445 849 1520 felicibus
876 1447 1018 1542 regibus
1043 1449 1134 1522 bone
1161 1446 1326 1522 memorie
1347 1445 1516 1520 exhibere
1537 1445 1682 1538 curasti,
1702 1447 1959 1524 considerantes

539 1569 784 1642 nichilominus
811 1569 922 1666 ipsius
949 1571 1147 1643 monasterii
1175 1569 1226 1643 tui
1257 1579 1354 1664 grate
1379 1568 1556 1665 religionis
1587 1570 1757 1645 fervorem
1785 1593 1856 1667 qua
1886 1575 1959 1649 Deo

539 1695 676 1790 placere
697 1694 841 1789 queritis
862 1715 928 1768 nec
949 1695 1071 1768 mundi
1095 1694 1312 1792 principibus
1338 1693 1549 1791 displicetis,
1569 1693 1734 1769 universa
1750 1695 1956 1794 tenimenta,

541 1819 775 1914 possessiones
795 1819 960 1893 etomnia
979 1820 1133 1916 aliaque
1157 1820 1194 1892 in
1218 1820 1346 1894 Policio
1368 1829 1405 1893 et
1429 1819 1627 1894 tenimentis
1648 1818 1761 1916 ipsius
1786 1832 1959 1896 monaste-

542 1944 634 2016 rium
648 1952 746 2016 tuum
760 1943 855 2036 justo
872 1943 971 2017 titulo
989 1954 1082 2020 tenet
1099 1954 1134 2020 et
1150 1945 1316 2042 possidet,
1334 1953 1370 2020 et
1388 1945 1453 2019 tibi
1471 1953 1507 2019 et
1520 1943 1779 2019 successoribus
1794 1947 1864 2018 tuis
1880 1965 1959 2042 pre·

541 2069 632 2141 senti
654 2069 837 2165 privilegio
858 2070 1080 2145 concedimus
1107 2086 1141 2144 et
1163 2080 1330 2169 perpetuo
1350 2069 1607 2146 confirmamus.
1631 2067 1688 2143 Ad
1713 2070 1818 2163 hujus
1842 2079 1958 2145 autem

542 2192 772 2266 concessionis
789 2215 830 2266 ac
845 2193 1112 2268 confirmationis
1129 2205 1246 2270 nostre
1266 2195 1466 2269 memoriam
1484 2205 1519 2268 et
1536 2193 1737 2268 inviolabile
1757 2191 1959 2268 firmamen-

541 2325 635 2406 tum,
654 2339 796 2414 presens
817 2317 1038 2415 privilegium
1055 2342 1117 2417 per
1133 2343 1258 2394 manus
1275 2321 1423 2418 Philippi
1441 2319 1487 2394 de
1504 2321 1645 2394 Saleruo
1659 2319 1784 2393 notarii
1799 2328 1835 2392 et
1847 2318 1959 2394 tidelis

540 2441 649 2514 nostri
664 2443 767 2514 scribi
781 2452 816 2517 ct
833 2452 948 2517 nostre
964 2445 1151 2538 majestatis
1165 2445 1279 2540 sigillo
1287 2445 1456 2538 jussimus
1472 2443 1697 2536 communiri,
1714 2463 1826 2536 anno,
1840 2465 1959 2518 mense

541 2575 576 2639 et
591 2565 779 2640 indictione
794 2568 1012 2664 subscriptis.

589 2692 675 2763 Data
698 2691 734 2762 in
760 2693 846 2766 urbe
870 2693 960 2765 lelici
985 2693 1164 2787 Panormi,
1190 2714 1282 2768 anno
1305 2692 1479 2768 dominice
1505 2693 1750 2776 incarnationis
1776 2691 1958 2764 millasimo

540 2813 796 2908 ducentesimo,
827 2838 946 2890 mense
975 2815 1184 2910 decembris,
1209 2827 1331 2914 quarte
1356 2818 1570 2910 indictionis,
1593 2818 1690 2912 regni
1718 2835 1803 2890 vero
1824 2813 1957 2888 domini

538 2940 645 3013 nostri
671 2940 844 3014 Fredarici
870 2941 932 3014 Dei
954 2942 1064 3037 gratia
1088 2943 1307 3015 illustrissimi
1331 2943 1423 3038 regis
1447 2942 1581 3034 Sicilie,
1602 2941 1752 3018 ducatus
1774 2939 1900 3036 Apulie
1922 2947 1958 3014 et

539 3065 755 3162 principatus
776 3065 893 3162 Capue
915 3087 1008 3140 anno
1024 3065 1137 3160 tertio,
1158 3067 1313 3142 feliciter.
1327 3066 1452 3142 Amen.

592 3613 805 3716 Fridcricus
823 3659 891 3716 rex
908 3631 1058 3714 Siciliae
1074 3630 1266 3716 canonicis
1283 3629 1563 3716 Panormitanis
1588 3654 1659 3740 pro
1686 3627 1954 3740 gratiosorum

540 3767 700 3850 servitiis
731 3766 842 3849 titulo
874 3765 1100 3848 venditionis
1128 3775 1166 3848 et
1193 3765 1234 3846 in
1264 3764 1438 3875 proprios
1465 3765 1637 3874 ipsorum
1664 3787 1758 3844 usus
1785 3761 1956 3846 concedit

539 3908 680 3981 terram
694 3925 793 4008 quae
809 3897 946 3981 dicitur
965 3897 1171 4002 Sabucum,
1198 3924 1267 4008 pro
1286 3923 1364 4008 qua
1382 3923 1474 3979 suae
1491 3896 1618 3980 curiae
1635 3893 1735 3978 XXV
1752 3892 1874 3976 millia
1890 3901 1955 3975 ta-

538 4058 721 4117 renorum
740 4033 957 4138 solverunt3
978 4033 1010 4114 si
1025 4033 1119 4143 quid
1137 4034 1222 4142 ipsa
1238 4041 1339 4116 terra
1356 4031 1477 4141 pluris
1495 4031 1625 4142 aliquo
1643 4039 1813 4140 tempore
1829 4027 1954 4111 valere

539 4167 801 4278 dignoscatur,
820 4165 860 4248 id
876 4165 1020 4249 eisdem
1033 4166 1240 4270 dimittens.

621 4382 751 4459 (Edider.
767 4381 871 4454 Prnnr,
887 4378 968 4442 scit
984 4396 1082 4457 moa,
1098 4387 1119 4442 t.
1134 4381 1164 4456 1,
1179 4397 1211 4458 p.
1230 4339 1374 4442 lat-1²².
1392 4409 1435 4425 -
1452 4379 1652 4454 lloncrronu,
1666 4371 1770 4438 aethe
1782 4369 1876 4435 mas.
1889 4370 1952 4434 Pc-

660 4490 792 4563 mmtt„
808 4506 838 4566 p.
856 4491 920 4564 75.)

587 4681 627 4762 ln
651 4681 791 4754 nomine
814 4677 876 4752 Dei
897 4675 1006 4752 eterni
1026 4683 1062 4750 et
1081 4675 1268 4750 Salvatoris
1289 4673 1396 4748 nostri
1417 4671 1524 4748 lhesu
1538 4671 1674 4746 Christi.
1694 4669 1819 4744 Amen.
1835 4665 1953 4742 Fride-
