<?xml version="1.0" encoding="UTF-8"?>
<!DOCTYPE html PUBLIC "-//W3C//DTD XHTML 1.0 Transitional//EN"
    "http://www.w3.org/TR/xhtml1/DTD/xhtml1-transitional.dtd">
<html xmlns="http://www.w3.org/1999/xhtml" xml:lang="en" lang="en">
 <head>
  <title>
</title>
<meta http-equiv="Content-Type" content="text/html;charset=utf-8" />
  <meta name='ocr-system' content='tesseract 3.04.00' />
  <meta name='ocr-capabilities' content='ocr_page ocr_carea ocr_par ocr_line ocrx_word'/>
</head>
<body>
  <div class='ocr_page' id='page_1' title='image "./historiadiploma06fredgoog_0316.png"; bbox 0 0 4382 5946; ppageno 0'>
   <div class='ocr_carea' id='block_1_1' title="bbox 246 577 1652 658">
    <p class='ocr_par' dir='ltr' id='par_1_1' title="bbox 246 577 1652 658">
     <span class='ocr_line' id='line_1_1' title="bbox 246 577 1652 658; baseline -0.003 -15"><span class='ocrx_word' id='word_1_1' title='bbox 246 584 343 643; x_wconf 73' lang='lat' dir='ltr'><strong>turer.</strong></span> <span class='ocrx_word' id='word_1_2' title='bbox 360 579 404 658; x_wconf 77' lang='lat'><strong>2]</strong></span> <span class='ocrx_word' id='word_1_3' title='bbox 692 577 890 640; x_wconf 83' lang='lat' dir='ltr'>HISTORIA</span> <span class='ocrx_word' id='word_1_4' title='bbox 914 579 1204 642; x_wconf 82' lang='lat' dir='ltr'><strong>DlPLOldll&#39;l&#39;lGA.</strong></span> <span class='ocrx_word' id='word_1_5' title='bbox 1589 578 1652 640; x_wconf 75' lang='lat'><strong>29¹1</strong></span> 
     </span>
    </p>
   </div>
   <div class='ocr_carea' id='block_1_2' title="bbox 245 711 1651 2666">
    <p class='ocr_par' dir='ltr' id='par_1_2' title="bbox 246 711 1651 1550">
     <span class='ocr_line' id='line_1_2' title="bbox 247 711 1651 810; baseline -0.004 -21"><span class='ocrx_word' id='word_1_6' title='bbox 247 737 313 789; x_wconf 88' lang='lat' dir='ltr'><strong>nec</strong></span> <span class='ocrx_word' id='word_1_7' title='bbox 330 715 446 809; x_wconf 91' lang='lat' dir='ltr'><strong>aliqua</strong></span> <span class='ocrx_word' id='word_1_8' title='bbox 464 733 556 786; x_wconf 89' lang='lat' dir='ltr'><strong>nova</strong></span> <span class='ocrx_word' id='word_1_9' title='bbox 571 711 706 784; x_wconf 84' lang='lat' dir='ltr'><strong>exactio</strong></span> <span class='ocrx_word' id='word_1_10' title='bbox 726 713 763 784; x_wconf 93' lang='lat' dir='ltr'><strong>in</strong></span> <span class='ocrx_word' id='word_1_11' title='bbox 784 713 835 786; x_wconf 90' lang='lat' dir='ltr'><strong>eis</strong></span> <span class='ocrx_word' id='word_1_12' title='bbox 859 715 1096 805; x_wconf 77' lang='lat' dir='ltr'><strong>constituatur,</strong></span> <span class='ocrx_word' id='word_1_13' title='bbox 1119 714 1182 786; x_wconf 91' lang='lat' dir='ltr'><strong>sed</strong></span> <span class='ocrx_word' id='word_1_14' title='bbox 1201 722 1336 810; x_wconf 89' lang='lat' dir='ltr'><strong>recepta</strong></span> <span class='ocrx_word' id='word_1_15' title='bbox 1359 713 1496 786; x_wconf 79' lang='lat' dir='ltr'>racione</span> <span class='ocrx_word' id='word_1_16' title='bbox 1514 726 1549 786; x_wconf 90' lang='lat' dir='ltr'><strong>et</strong></span> <span class='ocrx_word' id='word_1_17' title='bbox 1568 733 1651 785; x_wconf 91' lang='lat' dir='ltr'><strong>con·</strong></span> 
     </span>
     <span class='ocr_line' id='line_1_3' title="bbox 246 835 1650 932; baseline 0 -22"><span class='ocrx_word' id='word_1_18' title='bbox 246 847 346 910; x_wconf 90' lang='lat' dir='ltr'><strong>sueta</strong></span> <span class='ocrx_word' id='word_1_19' title='bbox 363 837 519 928; x_wconf 88' lang='lat' dir='ltr'><strong>justicia,</strong></span> <span class='ocrx_word' id='word_1_20' title='bbox 540 835 673 930; x_wconf 91' lang='lat' dir='ltr'><strong>absque</strong></span> <span class='ocrx_word' id='word_1_21' title='bbox 690 837 785 908; x_wconf 93' lang='lat' dir='ltr'><strong>omni</strong></span> <span class='ocrx_word' id='word_1_22' title='bbox 802 839 954 910; x_wconf 89' lang='lat' dir='ltr'><strong>ulteriori</strong></span> <span class='ocrx_word' id='word_1_23' title='bbox 970 839 1169 932; x_wconf 80' lang='lat' dir='ltr'><strong>gravamine</strong></span> <span class='ocrx_word' id='word_1_24' title='bbox 1186 839 1302 932; x_wconf 86' lang='lat' dir='ltr'><strong>quieta</strong></span> <span class='ocrx_word' id='word_1_25' title='bbox 1321 848 1356 930; x_wconf 84' lang='lat' dir='ltr'><strong>et</strong></span> <span class='ocrx_word' id='word_1_26' title='bbox 1379 859 1498 910; x_wconf 88' lang='lat' dir='ltr'><strong>secura</strong></span> <span class='ocrx_word' id='word_1_27' title='bbox 1521 836 1650 910; x_wconf 89' lang='lat' dir='ltr'><strong>consis-</strong></span> 
     </span>
     <span class='ocr_line' id='line_1_4' title="bbox 246 958 1651 1056; baseline -0.001 -23"><span class='ocrx_word' id='word_1_28' title='bbox 246 969 320 1033; x_wconf 86' lang='lat' dir='ltr'><strong>tant</strong></span> <span class='ocrx_word' id='word_1_29' title='bbox 336 970 371 1032; x_wconf 89' lang='lat' dir='ltr'><strong>et</strong></span> <span class='ocrx_word' id='word_1_30' title='bbox 389 969 613 1056; x_wconf 89' lang='lat' dir='ltr'><strong>permaneant</strong></span> <span class='ocrx_word' id='word_1_31' title='bbox 629 958 780 1033; x_wconf 90' lang='lat' dir='ltr'><strong>residua.</strong></span> <span class='ocrx_word' id='word_1_32' title='bbox 799 961 1016 1054; x_wconf 90' lang='lat' dir='ltr'><strong>Quicumque</strong></span> <span class='ocrx_word' id='word_1_33' title='bbox 1029 962 1134 1054; x_wconf 82' lang='lat' dir='ltr'><strong>igitur</strong></span> <span class='ocrx_word' id='word_1_34' title='bbox 1146 961 1237 1034; x_wconf 89' lang='lat' dir='ltr'><strong>hanc</strong></span> <span class='ocrx_word' id='word_1_35' title='bbox 1255 969 1369 1034; x_wconf 88' lang='lat' dir='ltr'><strong>nostre</strong></span> <span class='ocrx_word' id='word_1_36' title='bbox 1384 960 1651 1034; x_wconf 88' lang='lat' dir='ltr'><strong>confirmationis</strong></span> 
     </span>
     <span class='ocr_line' id='line_1_5' title="bbox 247 1083 1647 1182; baseline -0.001 -26"><span class='ocrx_word' id='word_1_37' title='bbox 247 1084 410 1180; x_wconf 80' lang='lat' dir='ltr'><strong>paginam</strong></span> <span class='ocrx_word' id='word_1_38' title='bbox 429 1083 615 1177; x_wconf 78' lang='lat' dir='ltr'><strong>intringere</strong></span> <span class='ocrx_word' id='word_1_39' title='bbox 632 1083 688 1156; x_wconf 89' lang='lat' dir='ltr'><strong>vel</strong></span> <span class='ocrx_word' id='word_1_40' title='bbox 703 1084 820 1177; x_wconf 87' lang='lat' dir='ltr'><strong>aliquo</strong></span> <span class='ocrx_word' id='word_1_41' title='bbox 838 1085 1063 1180; x_wconf 88' lang='lat' dir='ltr'><strong>improbitatis</strong></span> <span class='ocrx_word' id='word_1_42' title='bbox 1080 1107 1168 1158; x_wconf 87' lang='lat' dir='ltr'><strong>ausu</strong></span> <span class='ocrx_word' id='word_1_43' title='bbox 1184 1085 1217 1156; x_wconf 89' lang='lat' dir='ltr'><strong>ei</strong></span> <span class='ocrx_word' id='word_1_44' title='bbox 1231 1085 1373 1158; x_wconf 90' lang='lat' dir='ltr'><strong>obviare</strong></span> <span class='ocrx_word' id='word_1_45' title='bbox 1390 1085 1647 1182; x_wconf 83' lang='lat' dir='ltr'><strong>presumpserit,</strong></span> 
     </span>
     <span class='ocr_line' id='line_1_6' title="bbox 247 1207 1651 1304; baseline 0 -26"><span class='ocrx_word' id='word_1_46' title='bbox 247 1208 343 1303; x_wconf 80' lang='lat' dir='ltr'><strong>regie</strong></span> <span class='ocrx_word' id='word_1_47' title='bbox 368 1207 614 1300; x_wconf 80' lang='lat' dir='ltr'><strong>indignationis</strong></span> <span class='ocrx_word' id='word_1_48' title='bbox 638 1228 677 1278; x_wconf 91' lang='lat' dir='ltr'><strong>se</strong></span> <span class='ocrx_word' id='word_1_49' title='bbox 703 1207 837 1279; x_wconf 88' lang='lat' dir='ltr'><strong>noverit</strong></span> <span class='ocrx_word' id='word_1_50' title='bbox 857 1209 1008 1299; x_wconf 85' lang='lat' dir='ltr'><strong>jacturas</strong></span> <span class='ocrx_word' id='word_1_51' title='bbox 1032 1209 1251 1299; x_wconf 76' lang='lat' dir='ltr'><strong>gravissimas</strong></span> <span class='ocrx_word' id='word_1_52' title='bbox 1276 1209 1477 1280; x_wconf 88' lang='lat' dir='ltr'><strong>incursurus</strong></span> <span class='ocrx_word' id='word_1_53' title='bbox 1498 1207 1584 1304; x_wconf 79' lang='lat' dir='ltr'><strong>(sic).</strong></span> <span class='ocrx_word' id='word_1_54' title='bbox 1607 1209 1651 1280; x_wconf 90' lang='lat' dir='ltr'><strong>Ut</strong></span> 
     </span>
     <span class='ocr_line' id='line_1_7' title="bbox 247 1329 1650 1429; baseline 0 -25"><span class='ocrx_word' id='word_1_55' title='bbox 247 1341 362 1406; x_wconf 87' lang='lat' dir='ltr'><strong>autem</strong></span> <span class='ocrx_word' id='word_1_56' title='bbox 384 1331 451 1404; x_wconf 91' lang='lat' dir='ltr'><strong>hec</strong></span> <span class='ocrx_word' id='word_1_57' title='bbox 473 1331 588 1404; x_wconf 94' lang='lat' dir='ltr'><strong>omnia</strong></span> <span class='ocrx_word' id='word_1_58' title='bbox 609 1329 707 1402; x_wconf 86' lang='lat' dir='ltr'><strong>firma</strong></span> <span class='ocrx_word' id='word_1_59' title='bbox 725 1338 759 1402; x_wconf 88' lang='lat' dir='ltr'><strong>et</strong></span> <span class='ocrx_word' id='word_1_60' title='bbox 774 1331 902 1404; x_wconf 87' lang='lat' dir='ltr'><strong>illibata</strong></span> <span class='ocrx_word' id='word_1_61' title='bbox 925 1344 1182 1422; x_wconf 91' lang='lat' dir='ltr'><strong>conserventur,</strong></span> <span class='ocrx_word' id='word_1_62' title='bbox 1205 1341 1378 1429; x_wconf 86' lang='lat' dir='ltr'><strong>presentes</strong></span> <span class='ocrx_word' id='word_1_63' title='bbox 1400 1333 1545 1427; x_wconf 75' lang='lat' dir='ltr'><strong>paginas</strong></span> <span class='ocrx_word' id='word_1_64' title='bbox 1567 1330 1650 1404; x_wconf 92' lang='lat' dir='ltr'><strong>inde</strong></span> 
     </span>
     <span class='ocr_line' id='line_1_8' title="bbox 246 1453 1192 1550; baseline -0.001 -22"><span class='ocrx_word' id='word_1_65' title='bbox 246 1455 417 1528; x_wconf 85' lang='lat' dir='ltr'><strong>conscribi</strong></span> <span class='ocrx_word' id='word_1_66' title='bbox 435 1463 469 1526; x_wconf 92' lang='lat' dir='ltr'><strong>et</strong></span> <span class='ocrx_word' id='word_1_67' title='bbox 483 1453 595 1548; x_wconf 79' lang='lat' dir='ltr'><strong>sigillo</strong></span> <span class='ocrx_word' id='word_1_68' title='bbox 613 1462 727 1526; x_wconf 88' lang='lat' dir='ltr'><strong>nostro</strong></span> <span class='ocrx_word' id='word_1_69' title='bbox 745 1455 961 1550; x_wconf 85' lang='lat' dir='ltr'><strong>precepimus</strong></span> <span class='ocrx_word' id='word_1_70' title='bbox 978 1457 1192 1528; x_wconf 92' lang='lat' dir='ltr'><strong>communiri.</strong></span> 
     </span>
    </p>

    <p class='ocr_par' dir='ltr' id='par_1_3' title="bbox 245 1578 1649 2296">
     <span class='ocr_line' id='line_1_9' title="bbox 295 1578 1649 1678; baseline 0.001 -28"><span class='ocrx_word' id='word_1_71' title='bbox 295 1579 407 1671; x_wconf 88' lang='lat' dir='ltr'><strong>Hujus</strong></span> <span class='ocrx_word' id='word_1_72' title='bbox 429 1578 478 1650; x_wconf 90' lang='lat' dir='ltr'><strong>rei</strong></span> <span class='ocrx_word' id='word_1_73' title='bbox 502 1587 606 1650; x_wconf 89' lang='lat' dir='ltr'><strong>testes</strong></span> <span class='ocrx_word' id='word_1_74' title='bbox 626 1586 707 1649; x_wconf 89' lang='lat' dir='ltr'><strong>sunt</strong></span> <span class='ocrx_word' id='word_1_75' title='bbox 731 1578 877 1651; x_wconf 83' lang='lat' dir='ltr'><strong>Sitridus</strong></span> <span class='ocrx_word' id='word_1_76' title='bbox 897 1581 1098 1674; x_wconf 81' lang='lat' dir='ltr'><strong>Mogontine</strong></span> <span class='ocrx_word' id='word_1_77' title='bbox 1119 1578 1213 1653; x_wconf 86' lang='lat' dir='ltr'><strong>sedis</strong></span> <span class='ocrx_word' id='word_1_78' title='bbox 1232 1579 1528 1678; x_wconf 89' lang='lat' dir='ltr'><strong>archiepiscopus,</strong></span> <span class='ocrx_word' id='word_1_79' title='bbox 1551 1581 1649 1654; x_wconf 87' lang='lat' dir='ltr'><strong>Kun-</strong></span> 
     </span>
     <span class='ocr_line' id='line_1_10' title="bbox 246 1701 1644 1801; baseline 0.002 -27"><span class='ocrx_word' id='word_1_80' title='bbox 246 1701 352 1775; x_wconf 89' lang='lat' dir='ltr'><strong>radus</strong></span> <span class='ocrx_word' id='word_1_81' title='bbox 371 1703 557 1799; x_wconf 88' lang='lat' dir='ltr'><strong>imperialis</strong></span> <span class='ocrx_word' id='word_1_82' title='bbox 579 1703 659 1775; x_wconf 86' lang='lat' dir='ltr'><strong>aule</strong></span> <span class='ocrx_word' id='word_1_83' title='bbox 676 1703 917 1793; x_wconf 86' lang='lat' dir='ltr'><strong>cancellarius,</strong></span> <span class='ocrx_word' id='word_1_84' title='bbox 944 1705 1132 1800; x_wconf 90' lang='lat' dir='ltr'><strong>Liupoldus</strong></span> <span class='ocrx_word' id='word_1_85' title='bbox 1155 1705 1416 1777; x_wconf 89' lang='lat' dir='ltr'><strong>Wormaciensis</strong></span> <span class='ocrx_word' id='word_1_86' title='bbox 1443 1705 1644 1801; x_wconf 91' lang='lat' dir='ltr'><strong>episcopus,</strong></span> 
     </span>
     <span class='ocr_line' id='line_1_11' title="bbox 246 1825 1643 1924; baseline 0.001 -25"><span class='ocrx_word' id='word_1_87' title='bbox 246 1825 478 1900; x_wconf 84' lang='lat' dir='ltr'><strong>Theodericus</strong></span> <span class='ocrx_word' id='word_1_88' title='bbox 507 1828 724 1900; x_wconf 84' lang='lat' dir='ltr'><strong>Treverensis</strong></span> <span class='ocrx_word' id='word_1_89' title='bbox 753 1827 1049 1924; x_wconf 87' lang='lat' dir='ltr'><strong>archiepiscopus,</strong></span> <span class='ocrx_word' id='word_1_90' title='bbox 1075 1826 1223 1900; x_wconf 88' lang='lat' dir='ltr'><strong>Siiridus</strong></span> <span class='ocrx_word' id='word_1_91' title='bbox 1252 1849 1366 1900; x_wconf 88' lang='lat' dir='ltr'><strong>comes</strong></span> <span class='ocrx_word' id='word_1_92' title='bbox 1390 1827 1435 1902; x_wconf 90' lang='lat' dir='ltr'><strong>de</strong></span> <span class='ocrx_word' id='word_1_93' title='bbox 1457 1829 1643 1922; x_wconf 78' lang='lat' dir='ltr'><strong>Liningen,</strong></span> 
     </span>
     <span class='ocr_line' id='line_1_12' title="bbox 246 1950 1644 2047; baseline 0 -23"><span class='ocrx_word' id='word_1_94' title='bbox 246 1952 363 2024; x_wconf 87' lang='lat' dir='ltr'><strong>Simon</strong></span> <span class='ocrx_word' id='word_1_95' title='bbox 383 1972 497 2025; x_wconf 89' lang='lat' dir='ltr'><strong>comes</strong></span> <span class='ocrx_word' id='word_1_96' title='bbox 518 1951 564 2025; x_wconf 92' lang='lat' dir='ltr'><strong>de</strong></span> <span class='ocrx_word' id='word_1_97' title='bbox 583 1955 787 2046; x_wconf 89' lang='lat' dir='ltr'><strong>Sarapnnte,</strong></span> <span class='ocrx_word' id='word_1_98' title='bbox 805 1953 976 2047; x_wconf 84' lang='lat' dir='ltr'><strong>liupertns</strong></span> <span class='ocrx_word' id='word_1_99' title='bbox 999 1962 1034 2026; x_wconf 89' lang='lat' dir='ltr'><strong>et</strong></span> <span class='ocrx_word' id='word_1_100' title='bbox 1053 1951 1247 2026; x_wconf 86' lang='lat' dir='ltr'><strong>Gerhardus</strong></span> <span class='ocrx_word' id='word_1_101' title='bbox 1271 1952 1397 2024; x_wconf 82' lang='lat' dir='ltr'><strong>Hirsuti</strong></span> <span class='ocrx_word' id='word_1_102' title='bbox 1421 1953 1560 2025; x_wconf 87' lang='lat' dir='ltr'><strong>comites</strong></span> <span class='ocrx_word' id='word_1_103' title='bbox 1575 1950 1644 2047; x_wconf 88' lang='lat' dir='ltr'><strong>(a),</strong></span> 
     </span>
     <span class='ocr_line' id='line_1_13' title="bbox 245 2073 1647 2171; baseline 0.001 -25"><span class='ocrx_word' id='word_1_104' title='bbox 245 2073 425 2147; x_wconf 83' lang='lat' dir='ltr'><strong>Cunradus</strong></span> <span class='ocrx_word' id='word_1_105' title='bbox 445 2095 560 2148; x_wconf 89' lang='lat' dir='ltr'><strong>comes</strong></span> <span class='ocrx_word' id='word_1_106' title='bbox 573 2075 741 2148; x_wconf 81' lang='lat' dir='ltr'><strong>Silvestris</strong></span> <span class='ocrx_word' id='word_1_107' title='bbox 756 2073 819 2171; x_wconf 85' lang='lat' dir='ltr'><strong>(b),</strong></span> <span class='ocrx_word' id='word_1_108' title='bbox 842 2074 1049 2149; x_wconf 88' lang='lat' dir='ltr'><strong>Godciridns</strong></span> <span class='ocrx_word' id='word_1_109' title='bbox 1066 2076 1110 2150; x_wconf 90' lang='lat' dir='ltr'><strong>de</strong></span> <span class='ocrx_word' id='word_1_110' title='bbox 1127 2075 1348 2170; x_wconf 88' lang='lat' dir='ltr'><strong>Eppenstein,</strong></span> <span class='ocrx_word' id='word_1_111' title='bbox 1372 2075 1581 2148; x_wconf 87' lang='lat' dir='ltr'><strong>Wemherus</strong></span> <span class='ocrx_word' id='word_1_112' title='bbox 1602 2075 1647 2148; x_wconf 91' lang='lat' dir='ltr'><strong>de</strong></span> 
     </span>
     <span class='ocr_line' id='line_1_14' title="bbox 245 2199 1641 2296; baseline -0.001 -24"><span class='ocrx_word' id='word_1_113' title='bbox 245 2200 393 2272; x_wconf 88' lang='lat' dir='ltr'><strong>Benlant</strong></span> <span class='ocrx_word' id='word_1_114' title='bbox 406 2199 592 2294; x_wconf 88' lang='lat' dir='ltr'><strong>imperialis</strong></span> <span class='ocrx_word' id='word_1_115' title='bbox 602 2201 680 2272; x_wconf 88' lang='lat' dir='ltr'><strong>aule</strong></span> <span class='ocrx_word' id='word_1_116' title='bbox 689 2200 833 2296; x_wconf 76' lang='lat' dir='ltr'><strong>dapifer,</strong></span> <span class='ocrx_word' id='word_1_117' title='bbox 842 2209 876 2273; x_wconf 90' lang='lat' dir='ltr'><strong>et</strong></span> <span class='ocrx_word' id='word_1_118' title='bbox 883 2199 1063 2295; x_wconf 89' lang='lat' dir='ltr'><strong>Philippus</strong></span> <span class='ocrx_word' id='word_1_119' title='bbox 1073 2201 1175 2272; x_wconf 83' lang='lat' dir='ltr'><strong>irater</strong></span> <span class='ocrx_word' id='word_1_120' title='bbox 1185 2221 1282 2291; x_wconf 92' lang='lat' dir='ltr'><strong>suus,</strong></span> <span class='ocrx_word' id='word_1_121' title='bbox 1293 2209 1326 2271; x_wconf 89' lang='lat' dir='ltr'><strong>et</strong></span> <span class='ocrx_word' id='word_1_122' title='bbox 1336 2199 1395 2270; x_wconf 94' lang='lat' dir='ltr'><strong>alii</strong></span> <span class='ocrx_word' id='word_1_123' title='bbox 1407 2201 1641 2295; x_wconf 85' lang='lat' dir='ltr'><strong>quamplures.</strong></span> 
     </span>
    </p>

    <p class='ocr_par' dir='ltr' id='par_1_4' title="bbox 245 2323 1646 2666">
     <span class='ocr_line' id='line_1_15' title="bbox 293 2323 1646 2420; baseline 0.001 -26"><span class='ocrx_word' id='word_1_124' title='bbox 293 2323 378 2396; x_wconf 82' lang='lat' dir='ltr'><strong>Acta</strong></span> <span class='ocrx_word' id='word_1_125' title='bbox 395 2332 475 2396; x_wconf 91' lang='lat' dir='ltr'><strong>sunt</strong></span> <span class='ocrx_word' id='word_1_126' title='bbox 501 2324 566 2396; x_wconf 91' lang='lat' dir='ltr'><strong>hec</strong></span> <span class='ocrx_word' id='word_1_127' title='bbox 591 2323 686 2420; x_wconf 87' lang='lat' dir='ltr'><strong>apud</strong></span> <span class='ocrx_word' id='word_1_128' title='bbox 705 2327 861 2397; x_wconf 88' lang='lat' dir='ltr'><strong>Lutream</strong></span> <span class='ocrx_word' id='word_1_129' title='bbox 884 2323 954 2420; x_wconf 89' lang='lat' dir='ltr'><strong>(l),</strong></span> <span class='ocrx_word' id='word_1_130' title='bbox 983 2333 1146 2417; x_wconf 82' lang='lat' dir='ltr'><strong>regnante</strong></span> <span class='ocrx_word' id='word_1_131' title='bbox 1175 2323 1314 2396; x_wconf 92' lang='lat' dir='ltr'><strong>domino</strong></span> <span class='ocrx_word' id='word_1_132' title='bbox 1336 2323 1508 2396; x_wconf 84' lang='lat' dir='ltr'><strong>Friderico</strong></span> <span class='ocrx_word' id='word_1_133' title='bbox 1535 2324 1646 2399; x_wconf 87' lang='lat' dir='ltr'><strong>invic-</strong></span> 
     </span>
     <span class='ocr_line' id='line_1_16' title="bbox 246 2447 1643 2545; baseline 0.001 -27"><span class='ocrx_word' id='word_1_134' title='bbox 246 2447 377 2522; x_wconf 88' lang='lat' dir='ltr'><strong>tissimo</strong></span> <span class='ocrx_word' id='word_1_135' title='bbox 396 2450 624 2522; x_wconf 89' lang='lat' dir='ltr'><strong>Romanorum</strong></span> <span class='ocrx_word' id='word_1_136' title='bbox 645 2470 727 2543; x_wconf 81' lang='lat' dir='ltr'><strong>rege</strong></span> <span class='ocrx_word' id='word_1_137' title='bbox 745 2460 779 2520; x_wconf 91' lang='lat' dir='ltr'><strong>et</strong></span> <span class='ocrx_word' id='word_1_138' title='bbox 801 2471 935 2545; x_wconf 90' lang='lat' dir='ltr'><strong>semper</strong></span> <span class='ocrx_word' id='word_1_139' title='bbox 956 2457 1118 2543; x_wconf 81' lang='lat' dir='ltr'><strong>augusto,</strong></span> <span class='ocrx_word' id='word_1_140' title='bbox 1142 2469 1233 2520; x_wconf 89' lang='lat' dir='ltr'><strong>anno</strong></span> <span class='ocrx_word' id='word_1_141' title='bbox 1251 2447 1350 2542; x_wconf 82' lang='lat' dir='ltr'><strong>regni</strong></span> <span class='ocrx_word' id='word_1_142' title='bbox 1372 2449 1447 2540; x_wconf 89' lang='lat' dir='ltr'><strong>ejus</strong></span> <span class='ocrx_word' id='word_1_143' title='bbox 1470 2447 1643 2540; x_wconf 88' lang='lat' dir='ltr'><strong>secundo,</strong></span> 
     </span>
     <span class='ocr_line' id='line_1_17' title="bbox 245 2568 1411 2666; baseline -0.001 -24"><span class='ocrx_word' id='word_1_144' title='bbox 245 2593 336 2645; x_wconf 90' lang='lat' dir='ltr'><strong>anno</strong></span> <span class='ocrx_word' id='word_1_145' title='bbox 352 2570 526 2644; x_wconf 89' lang='lat' dir='ltr'><strong>dominice</strong></span> <span class='ocrx_word' id='word_1_146' title='bbox 541 2572 783 2646; x_wconf 89' lang='lat' dir='ltr'><strong>incarnationis</strong></span> <span class='ocrx_word' id='word_1_147' title='bbox 801 2571 1022 2665; x_wconf 87' lang='lat' dir='ltr'><strong>M.CC.llllll,</strong></span> <span class='ocrx_word' id='word_1_148' title='bbox 1042 2571 1199 2646; x_wconf 82' lang='lat' dir='ltr'><strong>kalendis</strong></span> <span class='ocrx_word' id='word_1_149' title='bbox 1215 2570 1332 2666; x_wconf 91' lang='lat' dir='ltr'><strong>aprilis</strong></span> <span class='ocrx_word' id='word_1_150' title='bbox 1346 2568 1411 2666; x_wconf 66' lang='grc' dir='ltr'><strong>(Ξ).</strong></span> 
     </span>
    </p>
   </div>
   <div class='ocr_carea' id='block_1_3' title="bbox 243 3083 1839 3462">
    <p class='ocr_par' dir='ltr' id='par_1_5' title="bbox 243 3083 1839 3462">
     <span class='ocr_line' id='line_1_18' title="bbox 296 3083 1839 3202; baseline -0.001 -36"><span class='ocrx_word' id='word_1_151' title='bbox 296 3083 525 3184; x_wconf 75' lang='lat' dir='ltr'><strong>FridericuS,</strong></span> <span class='ocrx_word' id='word_1_152' title='bbox 546 3085 803 3168; x_wconf 90' lang='lat' dir='ltr'><strong>Romanorum</strong></span> <span class='ocrx_word' id='word_1_153' title='bbox 827 3113 913 3193; x_wconf 86' lang='lat' dir='ltr'><strong>rex,</strong></span> <span class='ocrx_word' id='word_1_154' title='bbox 933 3086 1064 3170; x_wconf 92' lang='lat' dir='ltr'><strong>domui</strong></span> <span class='ocrx_word' id='word_1_155' title='bbox 1087 3087 1285 3196; x_wconf 88' lang='lat' dir='ltr'><strong>hospitalis</strong></span> <span class='ocrx_word' id='word_1_156' title='bbox 1313 3087 1439 3170; x_wconf 85' lang='lat' dir='ltr'><strong>Sancti</strong></span> <span class='ocrx_word' id='word_1_157' title='bbox 1466 3085 1643 3190; x_wconf 80' lang='lat' dir='ltr'><strong>Antonii,</strong></span> <span class='ocrx_word' id='word_1_158' title='bbox 1690 3089 1839 3202; x_wconf 48' lang='lat' dir='ltr'><strong>{mr</strong></span> 
     </span>
     <span class='ocr_line' id='line_1_19' title="bbox 244 3217 1645 3329; baseline 0.003 -31"><span class='ocrx_word' id='word_1_159' title='bbox 244 3218 337 3299; x_wconf 90' lang='lat' dir='ltr'><strong>sitae</strong></span> <span class='ocrx_word' id='word_1_160' title='bbox 358 3217 398 3298; x_wconf 93' lang='lat' dir='ltr'><strong>in</strong></span> <span class='ocrx_word' id='word_1_161' title='bbox 417 3217 576 3300; x_wconf 89' lang='lat' dir='ltr'><strong>dioecesi</strong></span> <span class='ocrx_word' id='word_1_162' title='bbox 593 3217 820 3329; x_wconf 89' lang='lat' dir='ltr'><strong>Viennensi,</strong></span> <span class='ocrx_word' id='word_1_163' title='bbox 844 3221 962 3303; x_wconf 89' lang='lat' dir='ltr'><strong>donat</strong></span> <span class='ocrx_word' id='word_1_164' title='bbox 979 3230 1017 3303; x_wconf 90' lang='lat' dir='ltr'><strong>et</strong></span> <span class='ocrx_word' id='word_1_165' title='bbox 1033 3220 1231 3302; x_wconf 89' lang='lat' dir='ltr'><strong>confirmat</strong></span> <span class='ocrx_word' id='word_1_166' title='bbox 1248 3219 1313 3329; x_wconf 85' lang='lat' dir='ltr'><strong>jus</strong></span> <span class='ocrx_word' id='word_1_167' title='bbox 1331 3228 1551 3329; x_wconf 86' lang='lat' dir='ltr'><strong>patronatus</strong></span> <span class='ocrx_word' id='word_1_168' title='bbox 1574 3245 1645 3302; x_wconf 90' lang='lat' dir='ltr'><strong>ec-</strong></span> 
     </span>
     <span class='ocr_line' id='line_1_20' title="bbox 243 3347 1576 3462; baseline 0.005 -34"><span class='ocrx_word' id='word_1_169' title='bbox 243 3347 378 3432; x_wconf 88' lang='lat' dir='ltr'><strong>clesiae</strong></span> <span class='ocrx_word' id='word_1_170' title='bbox 396 3375 486 3431; x_wconf 91' lang='lat' dir='ltr'><strong>suae</strong></span> <span class='ocrx_word' id='word_1_171' title='bbox 503 3348 551 3431; x_wconf 94' lang='lat' dir='ltr'><strong>de</strong></span> <span class='ocrx_word' id='word_1_172' title='bbox 563 3348 834 3461; x_wconf 85' lang='lat' dir='ltr'><strong>Memmingen,</strong></span> <span class='ocrx_word' id='word_1_173' title='bbox 855 3351 894 3432; x_wconf 95' lang='lat' dir='ltr'><strong>in</strong></span> <span class='ocrx_word' id='word_1_174' title='bbox 913 3352 1075 3435; x_wconf 89' lang='lat' dir='ltr'><strong>dioecesi</strong></span> <span class='ocrx_word' id='word_1_175' title='bbox 1093 3351 1322 3462; x_wconf 71' lang='lat' dir='ltr'><strong>augustensi</strong></span> <span class='ocrx_word' id='word_1_176' title='bbox 1339 3351 1576 3436; x_wconf 85' lang='lat' dir='ltr'><strong>constitutae.</strong></span> 
     </span>
    </p>
   </div>
   <div class='ocr_carea' id='block_1_4' title="bbox 324 3538 1646 3942">
    <p class='ocr_par' dir='ltr' id='par_1_6' title="bbox 324 3538 1646 3942">
     <span class='ocr_line' id='line_1_21' title="bbox 324 3538 1646 3620; baseline 0.002 -20"><span class='ocrx_word' id='word_1_177' title='bbox 324 3539 456 3612; x_wconf 80' lang='lat' dir='ltr'><strong>(Edttnm</strong></span> <span class='ocrx_word' id='word_1_178' title='bbox 468 3541 499 3600; x_wconf 88' lang='lat' dir='ltr'><strong>in</strong></span> <span class='ocrx_word' id='word_1_179' title='bbox 513 3539 728 3614; x_wconf 65' lang='lat' dir='ltr'><strong>summurn,</strong></span> <span class='ocrx_word' id='word_1_180' title='bbox 745 3538 950 3603; x_wconf 73' lang='lat' dir='ltr'><strong>ottmterrrm</strong></span> <span class='ocrx_word' id='word_1_181' title='bbox 962 3539 1177 3615; x_wconf 77' lang='lat' dir='ltr'><strong>tatrtoctem,</strong></span> <span class='ocrx_word' id='word_1_182' title='bbox 1191 3547 1215 3601; x_wconf 92' lang='lat' dir='ltr'><strong>t.</strong></span> <span class='ocrx_word' id='word_1_183' title='bbox 1230 3542 1280 3620; x_wconf 91' lang='lat'><strong>11,</strong></span> <span class='ocrx_word' id='word_1_184' title='bbox 1292 3558 1323 3620; x_wconf 91' lang='lat' dir='ltr'><strong>p.</strong></span> <span class='ocrx_word' id='word_1_185' title='bbox 1341 3549 1410 3614; x_wconf 77' lang='lat'><strong>8³0,</strong></span> <span class='ocrx_word' id='word_1_186' title='bbox 1425 3551 1460 3602; x_wconf 84' lang='lat' dir='ltr'><strong>n⁰</strong></span> <span class='ocrx_word' id='word_1_187' title='bbox 1475 3541 1646 3602; x_wconf 82' lang='lat' dir='ltr'><strong>e.-110n·</strong></span> 
     </span>
     <span class='ocr_line' id='line_1_22' title="bbox 360 3643 1642 3730; baseline 0.004 -24"><span class='ocrx_word' id='word_1_188' title='bbox 360 3663 457 3718; x_wconf 76' lang='lat' dir='ltr'><strong>nun,</strong></span> <span class='ocrx_word' id='word_1_189' title='bbox 473 3643 566 3706; x_wconf 79' lang='lat' dir='ltr'><strong>Gcrcd.</strong></span> <span class='ocrx_word' id='word_1_190' title='bbox 582 3663 635 3705; x_wconf 83' lang='lat' dir='ltr'><strong>nou</strong></span> <span class='ocrx_word' id='word_1_191' title='bbox 652 3647 742 3719; x_wconf 82' lang='lat' dir='ltr'><strong>Wieu,</strong></span> <span class='ocrx_word' id='word_1_192' title='bbox 752 3649 782 3709; x_wconf 93' lang='lat' dir='ltr'><strong>ll</strong></span> <span class='ocrx_word' id='word_1_193' title='bbox 795 3646 910 3730; x_wconf 66' lang='lat' dir='ltr'><strong>lubra,</strong></span> <span class='ocrx_word' id='word_1_194' title='bbox 922 3659 934 3709; x_wconf 88' lang='lat' dir='ltr'><strong>t</strong></span> <span class='ocrx_word' id='word_1_195' title='bbox 947 3649 1040 3722; x_wconf 88' lang='lat' dir='ltr'><strong>Band,</strong></span> <span class='ocrx_word' id='word_1_196' title='bbox 1050 3647 1245 3710; x_wconf 85' lang='lat' dir='ltr'><strong>llrkundonb.</strong></span> <span class='ocrx_word' id='word_1_197' title='bbox 1257 3657 1287 3721; x_wconf 78' lang='lat' dir='ltr'><strong>a,</strong></span> <span class='ocrx_word' id='word_1_198' title='bbox 1297 3663 1383 3709; x_wconf 87' lang='lat' dir='ltr'><strong>num.</strong></span> <span class='ocrx_word' id='word_1_199' title='bbox 1396 3648 1642 3711; x_wconf 76' lang='lat' dir='ltr'><strong>ros.-Moarm.</strong></span> 
     </span>
     <span class='ocr_line' id='line_1_23' title="bbox 360 3749 1644 3832; baseline 0.005 -22"><span class='ocrx_word' id='word_1_200' title='bbox 360 3749 459 3821; x_wconf 74' lang='lat' dir='ltr'><strong>Reice,</strong></span> <span class='ocrx_word' id='word_1_201' title='bbox 473 3752 650 3826; x_wconf 78' lang='lat' dir='ltr'><strong>tomllllll,</strong></span> <span class='ocrx_word' id='word_1_202' title='bbox 658 3769 688 3830; x_wconf 92' lang='lat' dir='ltr'><strong>p.</strong></span> <span class='ocrx_word' id='word_1_203' title='bbox 706 3761 755 3826; x_wconf 83' lang='lat' dir='ltr'><strong>at,</strong></span> <span class='ocrx_word' id='word_1_204' title='bbox 767 3769 851 3815; x_wconf 92' lang='lat' dir='ltr'><strong>num.</strong></span> <span class='ocrx_word' id='word_1_205' title='bbox 864 3754 999 3832; x_wconf 83' lang='lat' dir='ltr'><strong>DCXIII,</strong></span> <span class='ocrx_word' id='word_1_206' title='bbox 1012 3771 1052 3814; x_wconf 78' lang='lat' dir='ltr'><strong>ca</strong></span> <span class='ocrx_word' id='word_1_207' title='bbox 1065 3753 1200 3832; x_wconf 83' lang='lat' dir='ltr'><strong>originali</strong></span> <span class='ocrx_word' id='word_1_208' title='bbox 1210 3755 1243 3813; x_wconf 93' lang='lat' dir='ltr'><strong>ln</strong></span> <span class='ocrx_word' id='word_1_209' title='bbox 1255 3753 1375 3815; x_wconf 85' lang='lat' dir='ltr'><strong>archivo</strong></span> <span class='ocrx_word' id='word_1_210' title='bbox 1388 3755 1472 3817; x_wconf 79' lang='lat' dir='ltr'><strong>cluit.</strong></span> <span class='ocrx_word' id='word_1_211' title='bbox 1485 3755 1644 3816; x_wconf 85' lang='lat' dir='ltr'><strong>Mammiu-</strong></span> 
     </span>
     <span class='ocr_line' id='line_1_24' title="bbox 360 3857 1452 3942; baseline 0.004 -24"><span class='ocrx_word' id='word_1_212' title='bbox 360 3871 432 3936; x_wconf 79' lang='lat' dir='ltr'><strong>gen,</strong></span> <span class='ocrx_word' id='word_1_213' title='bbox 447 3859 532 3935; x_wconf 70' lang='lat' dir='ltr'><strong>cnjus</strong></span> <span class='ocrx_word' id='word_1_214' title='bbox 543 3857 673 3936; x_wconf 76' lang='lat' dir='ltr'><strong>sigillum</strong></span> <span class='ocrx_word' id='word_1_215' title='bbox 686 3858 783 3921; x_wconf 82' lang='lat' dir='ltr'><strong>adbuc</strong></span> <span class='ocrx_word' id='word_1_216' title='bbox 794 3858 855 3920; x_wconf 85' lang='lat' dir='ltr'><strong>lere</strong></span> <span class='ocrx_word' id='word_1_217' title='bbox 867 3861 1013 3938; x_wconf 80' lang='lat' dir='ltr'><strong>integrum</strong></span> <span class='ocrx_word' id='word_1_218' title='bbox 1022 3859 1131 3921; x_wconf 87' lang='lat' dir='ltr'><strong>ibidem</strong></span> <span class='ocrx_word' id='word_1_219' title='bbox 1143 3859 1318 3922; x_wconf 84' lang='lat' dir='ltr'><strong>describitur</strong></span> <span class='ocrx_word' id='word_1_220' title='bbox 1328 3865 1391 3922; x_wconf 90' lang='lat' dir='ltr'><strong>not.</strong></span> <span class='ocrx_word' id='word_1_221' title='bbox 1406 3859 1452 3942; x_wconf 86' lang='lat' dir='ltr'><strong>a.)</strong></span> 
     </span>
    </p>
   </div>
   <div class='ocr_carea' id='block_1_5' title="bbox 289 4013 1640 4120">
    <p class='ocr_par' dir='ltr' id='par_1_7' title="bbox 289 4013 1640 4120">
     <span class='ocr_line' id='line_1_25' title="bbox 289 4013 1640 4120; baseline 0.007 -34"><span class='ocrx_word' id='word_1_222' title='bbox 289 4013 489 4090; x_wconf 84' lang='lat' dir='ltr'><strong>Fredericus</strong></span> <span class='ocrx_word' id='word_1_223' title='bbox 501 4017 687 4112; x_wconf 89' lang='lat' dir='ltr'><strong>secundus,</strong></span> <span class='ocrx_word' id='word_1_224' title='bbox 699 4019 762 4092; x_wconf 86' lang='lat' dir='ltr'><strong>Dei</strong></span> <span class='ocrx_word' id='word_1_225' title='bbox 775 4021 884 4115; x_wconf 77' lang='lat' dir='ltr'><strong>gratia</strong></span> <span class='ocrx_word' id='word_1_226' title='bbox 892 4022 1119 4095; x_wconf 86' lang='lat' dir='ltr'><strong>Romanorum</strong></span> <span class='ocrx_word' id='word_1_227' title='bbox 1133 4041 1197 4096; x_wconf 84' lang='lat' dir='ltr'><strong>rex</strong></span> <span class='ocrx_word' id='word_1_228' title='bbox 1211 4032 1246 4096; x_wconf 89' lang='lat' dir='ltr'><strong>et</strong></span> <span class='ocrx_word' id='word_1_229' title='bbox 1258 4043 1393 4120; x_wconf 89' lang='lat' dir='ltr'><strong>semper</strong></span> <span class='ocrx_word' id='word_1_230' title='bbox 1407 4031 1588 4116; x_wconf 78' lang='lat' dir='ltr'><strong>augustus,</strong></span> <span class='ocrx_word' id='word_1_231' title='bbox 1604 4031 1640 4096; x_wconf 90' lang='lat' dir='ltr'><strong>et</strong></span> 
     </span>
    </p>
   </div>
   <div class='ocr_carea' id='block_1_6' title="bbox 283 4165 708 4358">
    <p class='ocr_par' dir='ltr' id='par_1_8' title="bbox 283 4165 708 4358">
     <span class='ocr_line' id='line_1_26' title="bbox 283 4165 708 4250; baseline 0.016 -25"><span class='ocrx_word' id='word_1_232' title='bbox 283 4168 323 4239; x_wconf 83' lang='lat' dir='ltr'><strong>(a)</strong></span> <span class='ocrx_word' id='word_1_233' title='bbox 344 4165 519 4230; x_wconf 83' lang='lat' dir='ltr'><strong>Germanico</strong></span> <span class='ocrx_word' id='word_1_234' title='bbox 530 4169 708 4250; x_wconf 74' lang='lat' dir='ltr'><strong>Rauprusrn.</strong></span> 
     </span>
     <span class='ocr_line' id='line_1_27' title="bbox 283 4269 686 4358; baseline 0.015 -28"><span class='ocrx_word' id='word_1_235' title='bbox 283 4269 321 4346; x_wconf 85' lang='lat' dir='ltr'><strong>(b)</strong></span> <span class='ocrx_word' id='word_1_236' title='bbox 342 4271 514 4336; x_wconf 83' lang='lat' dir='ltr'><strong>Germanico</strong></span> <span class='ocrx_word' id='word_1_237' title='bbox 534 4272 686 4358; x_wconf 78' lang='lat' dir='ltr'><strong>thdpros.</strong></span> 
     </span>
    </p>
   </div>
   <div class='ocr_carea' id='block_1_7' title="bbox 240 4503 1643 4876">
    <p class='ocr_par' dir='ltr' id='par_1_9' title="bbox 240 4503 1643 4876">
     <span class='ocr_line' id='line_1_28' title="bbox 275 4503 1061 4587; baseline 0.014 -25"><span class='ocrx_word' id='word_1_238' title='bbox 275 4503 311 4579; x_wconf 82' lang='lat' dir='ltr'><strong>(t)</strong></span> <span class='ocrx_word' id='word_1_239' title='bbox 329 4507 458 4566; x_wconf 84' lang='lat' dir='ltr'><strong>Videlicet</strong></span> <span class='ocrx_word' id='word_1_240' title='bbox 471 4511 706 4587; x_wconf 74' lang='lat' dir='ltr'><strong>Kaircnlcutrm,</strong></span> <span class='ocrx_word' id='word_1_241' title='bbox 723 4516 752 4573; x_wconf 90' lang='lat' dir='ltr'><strong>in</strong></span> <span class='ocrx_word' id='word_1_242' title='bbox 763 4516 912 4575; x_wconf 87' lang='lat' dir='ltr'><strong>Palatinatu</strong></span> <span class='ocrx_word' id='word_1_243' title='bbox 925 4517 1061 4576; x_wconf 82' lang='lat' dir='ltr'><strong>Bavmico.</strong></span> 
     </span>
     <span class='ocr_line' id='line_1_29' title="bbox 276 4603 1643 4687; baseline 0.009 -26"><span class='ocrx_word' id='word_1_244' title='bbox 276 4603 312 4676; x_wconf 79' lang='lat'><strong>(2)</strong></span> <span class='ocrx_word' id='word_1_245' title='bbox 329 4605 442 4664; x_wconf 88' lang='lat' dir='ltr'><strong>Indictio</strong></span> <span class='ocrx_word' id='word_1_246' title='bbox 462 4623 515 4665; x_wconf 91' lang='lat' dir='ltr'><strong>nou</strong></span> <span class='ocrx_word' id='word_1_247' title='bbox 533 4615 575 4666; x_wconf 88' lang='lat' dir='ltr'><strong>est</strong></span> <span class='ocrx_word' id='word_1_248' title='bbox 592 4627 731 4685; x_wconf 62' lang='lat' dir='ltr'><strong>expressam</strong></span> <span class='ocrx_word' id='word_1_249' title='bbox 747 4615 796 4671; x_wconf 84' lang='lat' dir='ltr'><strong>sed</strong></span> <span class='ocrx_word' id='word_1_250' title='bbox 808 4613 870 4672; x_wconf 88' lang='lat' dir='ltr'><strong>anni</strong></span> <span class='ocrx_word' id='word_1_251' title='bbox 883 4615 958 4687; x_wconf 83' lang='lat' dir='ltr'><strong>regni</strong></span> <span class='ocrx_word' id='word_1_252' title='bbox 972 4615 999 4671; x_wconf 92' lang='lat' dir='ltr'><strong>in</strong></span> <span class='ocrx_word' id='word_1_253' title='bbox 1012 4615 1153 4673; x_wconf 84' lang='lat' dir='ltr'><strong>Germania</strong></span> <span class='ocrx_word' id='word_1_254' title='bbox 1165 4620 1193 4673; x_wconf 89' lang='lat' dir='ltr'><strong>ct</strong></span> <span class='ocrx_word' id='word_1_255' title='bbox 1205 4612 1352 4674; x_wconf 88' lang='lat' dir='ltr'><strong>dominicae</strong></span> <span class='ocrx_word' id='word_1_256' title='bbox 1370 4613 1557 4674; x_wconf 83' lang='lat' dir='ltr'><strong>incarnationis</strong></span> <span class='ocrx_word' id='word_1_257' title='bbox 1570 4613 1643 4673; x_wconf 85' lang='lat' dir='ltr'><strong>inter</strong></span> 
     </span>
     <span class='ocr_line' id='line_1_30' title="bbox 240 4701 1003 4783; baseline 0.02 -28"><span class='ocrx_word' id='word_1_258' title='bbox 240 4701 559 4764; x_wconf 65' lang='lat' dir='ltr'><strong>concortanttitutm</strong></span> <span class='ocrx_word' id='word_1_259' title='bbox 571 4707 651 4767; x_wconf 77' lang='lat' dir='ltr'><strong>edam</strong></span> <span class='ocrx_word' id='word_1_260' title='bbox 666 4709 736 4783; x_wconf 79' lang='lat' dir='ltr'><strong>mgis</strong></span> <span class='ocrx_word' id='word_1_261' title='bbox 747 4710 851 4771; x_wconf 82' lang='lat' dir='ltr'><strong>Siciliae</strong></span> <span class='ocrx_word' id='word_1_262' title='bbox 863 4710 1003 4770; x_wconf 90' lang='lat' dir='ltr'><strong>omittitur.</strong></span> 
     </span>
     <span class='ocr_line' id='line_1_31' title="bbox 318 4797 1483 4876; baseline 0.014 -17"><span class='ocrx_word' id='word_1_263' title='bbox 318 4797 346 4862; x_wconf 90' lang='lat'><strong>1.</strong></span> <span class='ocrx_word' id='word_1_264' title='bbox 1445 4822 1483 4876; x_wconf 72' lang='lat'><strong>88</strong></span> 
     </span>
    </p>
   </div>
   <div class='ocr_carea' id='block_1_8' title="bbox 0 0 2196 5943">
    <p class='ocr_par' dir='ltr' id='par_1_10' title="bbox 0 0 2196 5943">
     <span class='ocr_line' id='line_1_32' title="bbox 0 0 2196 5943; baseline 0 0"><span class='ocrx_word' id='word_1_265' title='bbox 0 0 2196 5943; x_wconf 95' lang='lat' dir='ltr'><strong> </strong></span> 
     </span>
    </p>
   </div>
  </div>
 </body>
</html>
