4378 5954
283 527 380 586 lentur.
397 525 441 602 4.]
731 523 929 584 HISTORIA
955 523 1246 586 ntrnottartclt.
1657 525 1696 590 75

283 662 436 735 savorem
453 657 680 754 apostolicum
697 658 883 752 exbibere;
904 659 1000 755 quod
1015 681 1085 734 uon
1102 658 1279 756 expediat,
1291 659 1375 756 quia
1385 661 1692 756 respectualterius

284 783 521 879 videturpars
539 785 615 876 ojus
635 783 759 858 debilis
777 795 811 858 et
827 783 976 861 infirma.
991 787 1119 858 Verum
1138 807 1218 861 uum
1233 795 1284 860 tot
1299 786 1356 860 vel
1374 785 1491 882 plnres
1506 807 1552 858 ex
1571 785 1627 858 bis
1645 785 1692 859 ud

283 929 372 1004 quos
398 907 629 1003 principaliter
647 917 778 1004 spectat
803 909 1019 1005 imperatoris
1045 911 1180 1003 electio,
1204 911 1242 982 in
1264 933 1344 984 eum
1368 911 1582 984 consensisse
1608 932 1693 984 nos-

284 1043 406 1106 cantur
435 1041 520 1127 quot
545 1033 581 1106 in
610 1033 754 1106 alterum
786 1043 1050 1124 consenserunt,
1081 1057 1161 1111 cum
1189 1056 1259 1108 non
1288 1035 1404 1108 minus
1437 1035 1693 1110 idoneitas·.sen

285 1157 437 1250 dignitus
457 1158 566 1232 electe
583 1179 727 1253 persone
750 1157 856 1232 immo
879 1160 1081 1255 plusquam
1104 1159 1305 1254 eligentium
1327 1182 1492 1234 nnmems
1514 1161 1618 1232 sitin
1642 1169 1694 1235 tu·

284 1282 376 1354 libus
393 1280 637 1376 attendendus,
656 1303 720 1356 nec
739 1290 872 1358 tantum
887 1284 1065 1379 pluralitas
1082 1283 1201 1378 quoad
1221 1307 1416 1376 nnmerum,
1430 1285 1493 1358 ssd
1511 1286 1694 1360 salubritas

283 1406 402 1504 quoad
424 1406 605 1484 consilium
626 1405 663 1478 in
687 1406 895 1502 eligentibus
911 1408 1119 1503 requiratur,
1140 1417 1174 1482 et
1196 1409 1273 1482 Otto
1289 1411 1400 1506 magis
1418 1411 1463 1484 sit
1478 1408 1625 1484 idoneus
1648 1409 1695 1482 ad

285 1531 476 1627 regendum
498 1531 683 1627 imperium
708 1553 814 1625 quam
835 1532 1036 1628 Philippus,
1057 1554 1137 1606 cum
1155 1533 1322 1607 Dominus
1343 1534 1447 1608 etiem
1470 1534 1593 1630 puniat
1614 1555 1695 1630 pec·

199 1659 209 1680 ¹
284 1665 361 1730 cata
376 1665 512 1752 patrum
532 1653 568 1728 in
590 1654 681 1728 lilios
698 1655 863 1754 usquein
888 1657 1023 1730 tertiam
1044 1666 1079 1730 at
1099 1666 1257 1752 quartam
1281 1658 1480 1753 progeniem
1499 1658 1537 1730 in
1557 1658 1612 1730 his
1632 1658 1695 1753 qui

284 1781 432 1856 oderunt
444 1801 537 1871 eum,
549 1779 586 1854 id
599 1789 651 1854 est
662 1780 701 1854 in
718 1780 774 1854 bis
785 1780 846 1875 qui
859 1789 995 1876 patrum
1008 1790 1146 1876 peccata
1160 1790 1365 1876 sequuntur,
1375 1791 1410 1854 et
1422 1779 1602 1878 Philippus
1615 1803 1694 1878 pro·

283 1906 477 2002 genitorum
488 1927 633 1977 suornm
646 1913 787 2001 peccata
800 1905 837 1978 in
849 1904 1001 1978 Ecclesia
1014 1905 1252 2000 persecutione
1264 1915 1446 2000 sequutum
1459 1927 1538 1978 cnm
1551 1905 1614 1978 etsi
1625 1926 1693 1979 non

282 2031 472 2105 debeamus
489 2029 635 2104 reddere
648 2031 740 2102 mala
752 2051 815 2126 pro
834 2030 956 2123 malis,
974 2029 1038 2103 sed
1053 2030 1252 2104 benefacere
1267 2030 1562 2104 malefacientibus
1578 2031 1691 2120 nobis,

284 2179 352 2230 nun
367 2168 481 2230 omen
496 2156 685 2230 debeamus
702 2155 867 2230 bonorem
885 2177 948 2252 pro
963 2155 1087 2250 injuria
1104 2155 1139 2227 in
1156 2155 1209 2228 bis
1229 2157 1290 2252 qui
1308 2157 1345 2228 in
1361 2157 1460 2230 solita
1473 2168 1695 2252 perseverant

284 2282 410 2355 malitia
425 2302 647 2377 compensare
663 2289 724 2353 aut
741 2289 859 2354 contra
878 2300 942 2352 nos
955 2301 1089 2354 armare
1104 2281 1267 2370 iurantes,
1283 2302 1362 2354 cum
1378 2283 1544 2356 Dominus
1557 2292 1595 2355 nt
1610 2305 1694 2358 oon·

284 2405 442 2480 tunderet
455 2405 568 2497 sortia,
579 2405 724 2478 humilia
735 2405 879 2500 elegisse
888 2405 1035 2498 legatur,
1045 2414 1164 2500 utpote
1173 2407 1234 2500 qui
1249 2405 1361 2480 David
1372 2405 1407 2478 iu
1420 2429 1535 2502 negem
1545 2407 1590 2482 de
1601 2417 1696 2504 post·

284 2534 427 2606 letantes
444 2530 596 2626 accepit,
617 2529 756 2604 videtur
772 2527 869 2624 quod
886 2538 922 2602 et
938 2528 1058 2621 liceat,
1080 2528 1199 2602 deceat
1214 2539 1249 2603 et
1272 2530 1436 2628 expediat
1458 2531 1524 2628 ipsi
1541 2533 1695 2606 savorem

283 2654 509 2752 apostolicum
535 2653 714 2726 exhibere.
745 2652 846 2724 Absit
868 2653 961 2725 onim
990 2662 1027 2724 ut
1055 2651 1251 2726 deferamus
1277 2653 1409 2726 bomini
1439 2665 1555 2728 contra
1584 2659 1694 2730 Deum

283 2788 343 2854 aut
371 2779 553 2852 timeamus
575 2777 712 2851 vultum
738 2776 908 2872 potentis,
927 2799 1007 2849 oum
1030 2775 1223 2850 secundum
1246 2775 1447 2873 Apostolum
1479 2799 1547 2850 non
1581 2781 1694 2853 solum

284 2905 436 2998 amalo,
459 2902 523 2977 sed
543 2903 589 2976 ab
612 2903 707 2976 omni
731 2901 847 2998 specie
865 2903 954 2990 mala
978 2921 1041 2974 nos
1066 2909 1221 2998 oporteat
1242 2901 1425 2974 abstinere.
1449 2901 1620 2998 Scriptum
1642 2914 1696 2978 est

283 3028 376 3102 enim
397 3053 405 3098 :
429 3025 673 3100 «Maledictus
697 3025 759 3121 qui
785 3023 929 3100 confidit
951 3025 989 3096 in
1018 3021 1160 3098 bomine
1181 3033 1216 3097 et
1239 3026 1300 3119 qui
1330 3026 1426 3122 ponit
1450 3045 1588 3100 carnem
1610 3029 1695 3102 bra-

284 3153 401 3225 cbium
425 3173 541 3225 suum.
565 3177 583 3222 u
604 3151 674 3225 Nos
692 3151 799 3246 igitur
819 3169 866 3226 ox
889 3149 1054 3246 predictis
1079 3127 1194 3222 causis
1218 3171 1281 3246 pro
1299 3173 1405 3247 puero
1428 3153 1695 3228 concredimus

280 3275 510 3350 insistendum
539 3285 579 3348 ut
606 3277 652 3352 ad
682 3295 824 3373 presens
852 3275 977 3350 debeat
1007 3274 1189 3370 imperium
1207 3277 1383 3370 obtinere3
1404 3296 1584 3374 personam
1612 3301 1695 3355 vero

282 3401 431 3498 Philippi
446 3411 583 3498 propter
597 3401 843 3498 impedimenta
859 3400 1008 3496 patentia
1023 3399 1161 3494 ponitus
1174 3400 1400 3495 reprobamus
1412 3411 1447 3476 ot
1458 3403 1696 3478 obsistendum

282 3525 316 3600 ei
336 3525 485 3598 dicimus
507 3547 552 3599 ne
574 3527 756 3623 imperium
778 3527 892 3600 valeat
912 3545 1093 3621 usurpare.
1120 3525 1170 3596 De
1196 3534 1309 3599 cetero
1334 3549 1417 3602 vero
1437 3529 1612 3625 agendum
1634 3551 1698 3627 por

282 3651 435 3744 legatum
457 3661 612 3723 nostrum
629 3651 679 3744 (l)
701 3649 796 3747 apud
815 3649 987 3746 principes
1005 3657 1044 3720 nt
1061 3649 1115 3721 vel
1137 3651 1345 3724 conveniant
1362 3653 1398 3726 in
1417 3677 1597 3750 personam
1618 3655 1696 3728 ido·

284 3796 384 3848 neam
408 3776 465 3848 vel
487 3775 682 3867 sejudicio
709 3785 770 3848 aut
794 3775 935 3848 arbitrio
960 3783 1075 3848 nostro
1099 3775 1322 3848 committant.
1349 3779 1452 3865 Quod
1479 3780 1507 3852 si
1535 3787 1695 3853 neutrum

282 3899 460 3994 elegerint,
476 3921 556 3972 cnm
574 3900 636 3972 diu
652 3901 965 3996 expectaverimus,
978 3919 1057 3972 oum
1075 3899 1311 3973 monuerimus
1323 3925 1382 3976 eos
1398 3903 1445 3977 ad
1459 3904 1692 3997 concordiam,

283 4046 362 4096 cum
381 4023 647 4096 instruxerimus
663 4045 723 4098 eos
742 4046 802 4121 per
819 4026 947 4098 litteras
962 4037 997 4098 et
1015 4021 1174 4094 nuntium
1190 4033 1344 4098 nostrum
1362 4037 1396 4100 et
1415 4030 1595 4102 consilium
1615 4051 1694 4102 uos·

281 4158 373 4220 trum
398 4147 449 4219 eis
471 4145 678 4220 duxerimus
706 4149 970 4258 exponendum,
998 4167 1042 4220 ne
1069 4144 1253 4221 videamur
1278 4174 1399 4225 eorum
1424 4155 1541 4226 lovere
1564 4153 1695 4226 discor·

321 4468 356 4542 (tl
376 4469 485 4530 Scilicet
497 4472 646 4534 Gnidonem
667 4477 867 4536 Praenestinum
886 4479 1061 4556 episcopum,
1081 4499 1161 4555 quem
1182 4483 1216 4540 ad
1237 4480 1371 4554 principes
1384 4477 1466 4535 mittit
1478 4477 1573 4534 litteris
1586 4477 1696 4551 scriptis

285 4565 424 4636 lateram,
439 4571 516 4628 nonis
527 4573 655 4645 januarii,
674 4591 745 4633 anno
759 4577 838 4634 tertio
857 4578 884 4650 (b
899 4577 1005 4650 januar.
1026 4580 1113 4652 l20l).
1133 4579 1173 4638 Cf.
1195 4581 1317 4649 bannus,
1333 4578 1391 4635 loco
1402 4591 1463 4650 sup.
1478 4577 1576 4648 citato,
1590 4591 1618 4649 p.
1632 4577 1696 4646 70⁰,

284 4663 559 4740 Musanomadaun.
573 4671 628 4745 51,
643 4673 842 4746 harmanno,
857 4676 956 4736 Humb.
974 4676 1155 4749 Urlruudeub„
1171 4679 1197 4750 Ι,
1212 4680 1274 4737 286.
