4378 5954
520 522 579 584 rra
1016 532 1232 597 rarormcr
1256 535 1430 598 saeuum
1745 497 1930 622 [alarcos.

520 681 665 763 comes,
686 658 896 746 barcinone
917 665 1086 770 solvens,
1108 669 1369 753 Constantiam
1391 668 1565 778 reginam
1583 693 1753 754 summm
1771 674 1821 754 ad
1838 673 1933 757 Fra-

520 790 691 875 dericum
716 796 897 879 maritum
924 797 1071 883 Siciliae
1093 828 1222 913 regem
1246 829 1388 913 magno
1405 802 1697 886 Prouincialium
1716 815 1754 888 et
1772 806 1931 890 Catala-

522 950 661 1007 norum
686 954 885 1035 procerum
902 933 1083 1016 comitatu
1101 935 1316 1044 deducens,
1336 936 1376 1016 in
1404 935 1570 1018 Siciliam
1593 935 1784 1019 februario
1802 965 1932 1023 mense

523 1057 690 1166 appellit.
711 1059 897 1145 Funestae
914 1091 980 1147 eae
1006 1067 1160 1175 nuptiae
1186 1079 1308 1152 morte
1327 1067 1474 1152 Aliensi
1492 1079 1529 1150 et
1546 1068 1715 1178 plurium
1732 1098 1931 1181 procerum

522 1189 588 1298 qui
610 1215 751 1300 magna
768 1194 804 1275 ri
823 1195 947 1278 morbi
974 1197 1257 1308 ingrauescente
1278 1201 1483 1285 Panhormi
1501 1201 1708 1310 decedunt,
1728 1203 1869 1312 luere(
1896 1204 1927 1315 ).

521 1305 641 1406 lodic.
663 1351 742 1407 rer.
764 1329 825 1407 ab.
846 1333 959 1438 lruq.
982 1357 1063 1440 rep.
1084 1346 1174 1441 pest.
1197 1359 1259 1444 ap.
1282 1335 1435 1442 Sonorr,
1455 1345 1484 1418 t.
1506 1335 1573 1438 ΙΙΙ,
1595 1361 1635 1444 p.
1657 1339 1723 1420 ol.

735 1658 1711 1680 munna-mmmmm

365 2034 394 2066 u
458 2053 464 2077 ⁸
571 1953 783 2041 Fridericus
819 1985 887 2042 rex
923 1960 1098 2066 Siciliae,
1136 1963 1186 2044 ad
1221 1963 1506 2074 requisitionem
1544 1963 1746 2048 Crescentii
1782 1963 1929 2048 abbatis

417 2088 439 2120 ⁰·
518 2084 646 2170 Sancti
665 2088 845 2199 Stephani
861 2091 909 2173 de
926 2092 1059 2197 Bosco,
1073 2103 1159 2204 post
1176 2095 1460 2205 inquisitionem
1476 2097 1618 2180 factam
1636 2123 1659 2179 a
1675 2095 1838 2206 Rogerio
1855 2095 1931 2178 rit-

517 2217 596 2302 talo
614 2231 651 2304 et
668 2222 935 2308 exhibitionem
954 2226 1238 2338 privilegiorum
1254 2229 1405 2340 hogerii
1423 2231 1571 2314 comitis
1592 2229 1788 2314 Calabriae
1804 2242 1842 2312 et
1859 2229 1929 2311 Si-

516 2352 640 2462 ciliae,
651 2355 796 2441 inhibet
808 2384 856 2442 ne
869 2357 1023 2468 bajulus
1036 2359 1175 2470 aliquis
1189 2388 1257 2445 seu
1269 2363 1456 2470 officialis,
1467 2364 1665 2447 occasione
1682 2361 1930 2475 reparationis

516 2487 630 2568 castri
648 2487 730 2572 Stili
754 2516 822 2575 seu
845 2491 1043 2576 solutionis
1061 2497 1229 2578 mutonis
1256 2507 1294 2580 et
1314 2495 1441 2606 porci,
1462 2498 1584 2581 eidem
1604 2497 1731 2581 Sancti
1749 2495 1929 2605 Stephani

516 2621 748 2708 monasterio
766 2624 1068 2710 molestationem
1086 2626 1224 2712 inferre
1241 2639 1472 2738 praesumat.

597 2833 708 2916 [Edidit
728 2837 867 2913 Troum,
883 2838 963 2900 Stcr.
978 2836 1027 2899 del
1037 2837 1098 2900 ord.
1116 2839 1245 2914 Curtia„
1261 2847 1282 2902 t.
1302 2841 1341 2915 V,
1356 2841 1483 2920 append.
1498 2859 1529 2920 p.
1544 2841 1586 2918 L3
1601 2843 1668 2904 coll.
1684 2857 1754 2905 eum
1771 2840 1927 2921 orlglnml,

638 2948 673 3004 ut
684 2941 806 3018 meunt,
821 2946 853 3004 in
866 2944 948 3006 arch.
970 2962 1032 3025 reg.
1048 2945 1079 3008 S·
1094 2947 1228 3009 Severini
1243 2965 1290 3027 ap.
1304 2945 1481 3028 Neapolim.)

569 3131 763 3206 Fridericus
774 3131 895 3207 divina
911 3133 1050 3208 lavante
1062 3135 1242 3209 elementia
1255 3159 1320 3210 rex
1332 3135 1466 3230 Sicilie,
1482 3134 1631 3211 ducatus
1641 3133 1768 3233 Apulia
1781 3144 1816 3207 et
1831 3134 1927 3231 prin-

519 3257 653 3355 cipatus
664 3257 793 3356 Capua.
811 3258 872 3332 Pie
886 3258 1166 3334 considerationis
1178 3260 1321 3335 adactus
1334 3282 1438 3356 quem
1454 3261 1510 3334 sui
1525 3259 1643 3334 debito
1659 3259 1695 3331 in
1712 3257 1927 3356 principibus

518 3393 642 3458 natura
660 3383 837 3480 producit,
856 3382 945 3458 adeo
963 3405 1047 3458 vero
1065 3407 1104 3458 se
1121 3395 1251 3484 prestat
1269 3383 1455 3461 munificus
1478 3385 1515 3458 in
1541 3382 1794 3458 oonshuctioue
1815 3381 1927 3455 deuo-

518 3517 632 3580 iorum
649 3509 801 3582 looomm
828 3531 934 3604 quam
958 3529 1000 3582 ea
1025 3519 1159 3606 sceptro
1181 3507 1320 3604 justicie
1348 3517 1568 3583 manuteneat
1589 3517 1625 3582 et
1645 3505 1826 3598 defendat,
1847 3527 1924 3580 cum

519 3631 607 3706 illud
640 3631 803 3707 indicatio
837 3634 972 3707 celestis
1003 3635 1147 3709 suadeat
1179 3643 1213 3707 et
1247 3631 1341 3708 istud
1368 3633 1456 3728 juris
1489 3641 1644 3706 centrum
1680 3632 1861 3704 confoveat
1891 3639 1925 3702 et

521 3755 678 3831 debitam
696 3757 860 3830 caritatis.
877 3757 962 3830 Cum
980 3757 1097 3856 itaque
1114 3757 1160 3831 ad
1174 3759 1384 3855 presenciam
1397 3765 1548 3831 nostram
1560 3753 1730 3830 accedens
1745 3753 1925 3848 religiosus

555 4065 591 4141 (l)
608 4063 749 4123 Paululum
766 4063 903 4140 OEsuepat
920 4065 1019 4123 conda.
1039 4065 1121 4124 Guill.
1135 4065 1263 4142 iprensis
1283 4081 1328 4140 ap.
1342 4064 1458 4135 Gurccr,
1474 4069 1495 4121 t.
1507 4063 1591 4134 xix,
1609 4079 1638 4138 p.
1657 4065 1719 4118 ³³8.
1730 4079 1743 4114 r
1756 4060 1846 4130 Quam
1860 4059 1879 4116 il
1899 4067 1927 4117 ot

522 4185 537 4219 a
552 4161 698 4240 reponetis,
714 4161 738 4220 si
751 4177 781 4221 se
792 4161 923 4237 partirem
939 4163 974 4220 da
992 4163 1111 4222 Palerme
1127 4170 1155 4222 et
1167 4163 1269 4223 alerent
1281 4179 1316 4220 eu
1330 4161 1428 4236 Caede,
1443 4167 1472 4221 et
1484 4159 1529 4238 poi
1541 4159 1728 4234 mnqrdstrent
1746 4157 1781 4216 do
1802 4156 1827 4214 la
1844 4162 1924 4214 terre.

522 4281 536 4316 ι
551 4261 609 4322 bles
630 4265 687 4318 tant
707 4257 787 4316 dcent
804 4259 829 4317 le
848 4259 889 4318 rui
904 4263 933 4318 et
951 4259 977 4318 la
992 4260 1067 4318 ruine
1084 4267 1113 4318 et
1127 4259 1145 4318 ii
1158 4260 1293 4318 chevalier
1302 4259 1368 4334 qu'il
1381 4259 1446 4318 aluit
1458 4263 1498 4316 tot
1508 4261 1681 4332 conquerunt.
1696 4255 1718 4313 ll
1730 4269 1747 4311 a
1759 4253 1793 4312 de
1805 4251 1927 4311 Pelei-me

521 4376 537 4413 ι
548 4357 662 4432 jusques
672 4354 688 4413 d
698 4355 831 4414 Massiuae
843 4355 907 4430 cinq
915 4357 1034 4431 joratss.
1047 4357 1135 4432 Apros
1148 4371 1181 4415 ee
1192 4371 1247 4431 qua
1260 4356 1285 4414 la
1297 4371 1381 4415 cuens
1397 4355 1432 4414 de
1449 4357 1585 4414 t’rovenm
1599 4353 1628 4412 iu
1640 4367 1657 4412 a
1667 4351 1812 4422 flamines,
1827 4365 1864 4407 na
1876 4349 1927 4408 de-

520 4475 535 4511 »
550 4469 626 4514 mora
639 4455 744 4529 gudres
754 4469 807 4529 qus
816 4453 834 4512 li
847 4469 930 4514 cuens
944 4454 1000 4514 lust
1011 4462 1082 4514 mort
1094 4461 1123 4513 at
1133 4461 1211 4530 grant
1224 4454 1310 4530 pertis
1321 4454 1356 4512 de
1371 4467 1417 4512 ses
1436 4452 1598 4525 chevaliers,
1616 4456 1646 4509 et
1656 4450 1750 4508 l’auire
1767 4446 1853 4522 partio
1868 4447 1925 4504 s’eu

521 4573 535 4609 a
551 4561 658 4612 retorna
670 4571 704 4612 en
715 4569 765 4612 son
778 4552 846 4628 pais.
856 4554 893 4612 Le
908 4553 948 4612 roi
966 4553 1102 4612 demorsa
1115 4553 1325 4612 blmsmesmec
1339 4567 1385 4612 ses
1400 4551 1521 4627 burgeis,
1536 4565 1589 4626 que
1600 4548 1635 4608 de
1648 4563 1693 4608 ses
1704 4544 1853 4606 chevaliers
1864 4544 1926 4602 u’a-

521 4651 632 4712 »rcitil
644 4651 749 4726 granas
761 4665 827 4710 avec
840 4649 887 4709 lul.
902 4669 916 4704 »
