4378 5954
502 454 561 516 154
1002 455 1218 517 FlilllERlGl
1242 453 1417 518 securta!
1722 450 1802 530 [bart.
1822 451 1913 513 1209:

499 588 659 684 reperiri,
679 597 714 662 et
727 589 821 663 unde
839 590 940 663 nobie
957 601 992 664 ot
1008 591 1084 664 aliis
1106 591 1197 664 bona
1220 589 1428 686 proveniunt
1450 589 1542 662 illico
1567 583 1691 662 nostre
1700 589 1909 664 liberalitatis

500 734 645 788 munera
671 716 890 787 conferantur
904 713 969 810 (a).
987 716 1057 788 Hac
1080 715 1110 788 si
1138 716 1282 810 quidem
1307 714 1402 786 ducti
1426 712 1699 786 consideratione
1726 714 1907 800 laudabili,

499 838 702 934 diligentius
712 839 926 912 attendentes
936 839 1184 934 religionemet
1196 841 1408 913 honestatem
1422 839 1545 912 Donati
1554 837 1762 912 venerabilis
1776 838 1910 911 abbatis

500 973 535 1034 et
552 962 698 1034 aliorum
716 963 961 1035 monachorum
975 963 1062 1036 sacri
1079 963 1275 1036 monasterii
1292 962 1439 1056 gloriose
1452 961 1603 1056 Virginis
1615 961 1722 1034 Maris
1738 960 1784 1033 dc
1796 962 1910 1034 Monte

497 1087 699 1182 virginum,
716 1087 856 1160 obtentu
876 1089 995 1162 divine
1012 1087 1148 1183 pietatis
1164 1095 1199 1160 et
1215 1109 1277 1182 spe
1294 1086 1541 1176 retributionis,
1561 1085 1607 1158 ad
1625 1085 1764 1158 laudem
1784 1097 1819 1159 et
1834 1085 1908 1178 glo·
2009 1149 2013 1158 .

497 1211 583 1286 riam
604 1213 714 1309 ipsius
737 1213 855 1307 regine
877 1201 1073 1306 uirginum,
1101 1235 1164 1309 pro
1182 1213 1302 1286 salute
1329 1233 1470 1307 quoque
1497 1211 1657 1284 divorum
1683 1193 1916 1304 augustorum

498 1347 679 1432 parentum
703 1348 896 1411 nostrorum
914 1337 1096 1411 recolende
1113 1337 1278 1410 memorie
1295 1344 1329 1410 et
1347 1335 1392 1409 de
1409 1335 1661 1409 consuetudine
1676 1333 1911 1408 munificentie

498 1462 702 1555 majestatis,
722 1462 966 1535 monasterium
990 1463 1124 1558 ipsum,
1143 1463 1321 1553 abbatem,
1333 1463 1462 1533 'iratres
1478 1471 1512 1534 et
1530 1461 1685 1534 homines
1702 1459 1811 1556 ipsius
1829 1482 1908 1534 cum

497 1586 659 1660 omnibus
671 1585 890 1679 obedientiis,
902 1586 1067 1679 ecclesiis,
1076 1586 1285 1675 tenimentis,
1295 1585 1581 1680 possessionibus,
1594 1585 1698 1658 rebus
1708 1593 1744 1660 et
1757 1585 1909 1679 quibus-

498 1733 649 1806 cumque
674 1711 868 1784 rationibus
891 1711 1022 1806 ubique
1046 1712 1093 1785 ad
1119 1713 1232 1808 ipsum
1253 1711 1503 1808 pertinentibus
1524 1711 1592 1782 sub
1621 1709 1761 1805 speciali
1784 1709 1909 1784 deien-

499 1835 596 1909 sione
613 1845 648 1908 et
663 1835 875 1930 protectione
891 1845 1008 1909 nostra
1022 1837 1231 1932 suscipimus
1245 1845 1280 1910 et
1297 1837 1342 1909 ab
1356 1835 1451 1908 omni
1466 1834 1634 1926 molestia,
1647 1833 1906 1928 inquietatione,

500 1959 603 2032 datiis
625 1967 660 2032 et
679 1960 917 2033 exactionibus
932 1970 1098 2056 perpetuo
1115 1961 1260 2033 libemm
1276 1968 1312 2033 et
1329 1981 1489 2032 securum
1513 1979 1589 2031 esee
1610 1979 1809 2050 censemus3
1827 1979 1909 2030 con·

499 2081 675 2156 firmantes
693 2084 759 2178 ipsi
781 2085 987 2158 monasterio
1007 2083 1187 2180 privilegia
1209 2083 1440 2157 concessionis
1463 2091 1498 2157 et
1520 2083 1691 2156 libertates
1709 2105 1798 2178 quas
1816 2082 1909 2155 idem

499 2208 661 2281 dominus
678 2209 863 2303 imperator
880 2219 915 2280 et
938 2207 1077 2282 domina
1101 2198 1302 2304 imperatrix
1329 2208 1395 2302 ipsi
1421 2207 1628 2279 monasterio
1651 2217 1906 2296 concesserunt,

498 2330 661 2406 necnon
686 2341 721 2406 et
745 2353 966 2428 quecumque
989 2333 1057 2406 alie
1084 2333 1318 2427 quorumlibet
1341 2332 1520 2426 largitione
1548 2353 1609 2426 per
1630 2340 1740 2404 totum
1762 2353 1907 2426 regnum

497 2465 652 2530 nostmm
670 2456 763 2530 idem
783 2457 1027 2530 monasterium
1048 2479 1141 2529 nunc
1154 2457 1248 2549 juste
1262 2466 1355 2529 tanet
1372 2465 1406 2528 ct
1424 2454 1576 2551 possidet
1595 2463 1629 2528 et
1646 2455 1682 2526 in
1701 2463 1801 2528 antea
1815 2455 1909 2548 justo

497 2580 597 2654 titulo
624 2581 746 2678 poterit
773 2580 933 2676 adipisci.
953 2581 1010 2655 Ad
1030 2583 1194 2674 majorem
1220 2601 1360 2676 quoque
1387 2581 1555 2654 cautelam
1578 2579 1729 2674 quedam
1753 2601 1824 2673 que
1843 2579 1909 2676 ipsi

496 2705 705 2780 monasterio
718 2703 962 2778 confirmamus
975 2705 1122 2800 propriis
1135 2705 1302 2779 duximus
1319 2701 1519 2778 nominibus
1538 2705 1767 2800 exprimenda
1783 2731 1792 2774 ε
1809 2703 1908 2778 vide·

497 2831 578 2904 licet
592 2829 761 2925 hospitale
776 2831 891 2902 Sancti
910 2828 1100 2918 Thomaeii,
1111 2829 1346 2902 obedientiam
1359 2828 1475 2901 Sancti
1491 2828 1614 2920 Angeli
1630 2828 1676 2902 de
1691 2829 1810 2920 Pesco,
1828 2829 1911 2900 obe·

499 2955 666 3030 dientiam
689 2953 806 3028 Sancti
832 2953 993 3043 Honorli,
1014 2953 1246 3028 obedientiam
1270 2955 1394 3028 Sancte
1409 2954 1593 3050 Margarita
1609 2951 1655 3026 de
1671 2953 1799 3044 Tulba,
1825 2952 1909 3026 obo-

499 3079 664 3156 dientiam
697 3078 743 3152 de
768 3077 1034 3173 Gasacugnana,
1064 3077 1295 3156 obedientiam
1320 3079 1435 3154 Sancti
1463 3079 1605 3154 loannis
1633 3078 1678 3152 de
1707 3078 1905 3169 Marcomio,

497 3205 729 3280 obedientiam
747 3203 861 3276 Sancti
877 3202 1006 3278 Nicolai
1025 3201 1070 3277 de
1090 3257 1292 3276 .......
1304 3203 1560 3295 ,obedientiam
1577 3202 1693 3276 Sancti
1711 3201 1851 3276 loannis
1864 3201 1910 3276 de

497 3327 656 3423 Aquam,
683 3327 916 3400 obedientiam
941 3329 1064 3400 Sancte
1080 3327 1188 3400 llario
1205 3326 1251 3401 de
1264 3327 1386 3419 Pesco,
1407 3326 1638 3401 obedientiam
1656 3327 1782 3400 Sancta
1803 3325 1912 3402 llario

498 3452 626 3545 regalis
646 3450 694 3525 de
711 3450 912 3540 Madaluuo,
932 3450 1163 3524 obedientiam
1181 3452 1296 3524 Sancti
1314 3452 1419 3525 Marci
1442 3451 1487 3525 de
1504 3452 1602 3526 Petra
1617 3451 1800 3544 Pollicina,
1826 3451 1910 3524 obe·

501 3571 667 3646 dientiam
686 3574 731 3646 de
746 3573 875 3646 Ballata
893 3583 927 3646 et
940 3573 1003 3646 has
1020 3589 1140 3647 omnes
1160 3575 1331 3670 predictas
1348 3571 1562 3647 obedientias
1576 3583 1611 3646 ot
1623 3575 1785 3648 ecclesias
1804 3595 1909 3670 quam

501 3705 535 3770 et
556 3717 676 3768 omnes
694 3695 803 3770 abbas
820 3696 864 3792 (l)
881 3695 970 3770 sicut
995 3717 1053 3772 eos
1072 3701 1164 3791 juste
1179 3707 1215 3772 et
1231 3697 1476 3773 rationabiliter
1494 3697 1707 3794 dignoscitur
1728 3699 1908 3794 pertinere,

502 3843 582 3895 cum
593 3821 753 3894 omnibus
767 3820 975 3914 tenimentis,
986 3822 1214 3918 pertinentiis,
1220 3824 1361 3916 justitiis
1374 3833 1409 3897 et
1423 3824 1614 3898 rationibus
1626 3823 1912 3919 suis.Speciolius

502 3955 619 4022 anmm
637 3925 881 4020 confirmamus
895 3946 1008 4028 eidem
1025 3950 1232 4023 monasterio
1256 3950 1437 4046 privilegia
1462 3947 1619 4042 ejusdem
1645 3948 1776 4023 domini
1801 3949 1910 4042 impe·

501 4070 623 4144 ratcris
647 4069 692 4144 de
712 4070 932 4144 concessione
949 4072 1149 4146 blerculiani
1176 4095 1256 4146 oum
1281 4073 1476 4148 tenimentis
1492 4083 1527 4146 et
1543 4072 1756 4170 pertinentiis
1782 4071 1855 4144 suis
1878 4080 1913 4144 ct

502 4214 623 4266 omnes
641 4194 814 4268 libertates
830 4203 865 4270 et
880 4197 1088 4292 emptiones,
1112 4197 1329 4272 venditiones
1354 4219 1433 4270 cum
1451 4197 1589 4293 pascuis
1605 4205 1710 4291 atquc
1725 4193 1914 4290 plateaticis

502 4327 537 4390 et
559 4320 649 4410 aliis,
667 4321 757 4394 sicut
773 4321 810 4392 in
830 4321 1010 4418 privilegio
1029 4323 1166 4420 plenius
1182 4322 1388 4396 continetur.
1404 4322 1447 4394 Ut
1473 4331 1586 4396 autam
1605 4319 1810 4396 beneficium
1829 4339 1913 4391 nos-

545 4581 582 4662 (a)
602 4583 737 4648 Forsitan
748 4585 947 4668 censeantur.
961 4587 1070 4650 Sensus
1083 4595 1180 4652 tomen
1194 4605 1254 4652 nou
1266 4589 1341 4652 bene
1354 4589 1478 4652 nltldos.
