4378 5954
1049 581 1262 648 rarnnmcr
1288 587 1464 651 saeuum
1767 596 1852 675 [aaa.
1871 581 1959 662 rsus.

396 1108 468 1165 rauna
600 1083 841 1168 Innocentius
868 1111 969 1195 papa
994 1086 1097 1196 apud
1116 1086 1298 1170 Sanctum
1321 1059 1555 1172 Germanum
1574 1087 1635 1200 (l)
1654 1115 1744 1174 cum
1761 1093 1872 1176 Petro
1891 1093 1960 1178 Ga-

341 1161 364 1203 S.
372 1161 521 1216 Germanum,

336 1216 522 1272 ³¹¹³¹⁰⁸¹⁶¹¹¹¹l⁰l
546 1215 693 1301 lonensi
711 1227 748 1302 et
765 1217 948 1302 Riccerdo
965 1218 1152 1302 Fundano
1169 1219 1373 1305 comitibus
1391 1220 1439 1305 de
1457 1247 1640 1306 succursu
1662 1224 1764 1336 regis
1780 1225 1958 1311 Friderici

545 1356 676 1438 statuit
693 1364 731 1440 et
747 1355 795 1439 de
812 1353 1031 1439 defensione
1048 1356 1170 1468 regni.

623 1544 711 1624 (Edit.
727 1561 777 1626 ap.
789 1545 876 1608 Broc.
891 1561 932 1606 nn
944 1545 976 1608 S.
990 1541 1151 1620 Gmrrsno,
1166 1543 1298 1608 Chone.
1309 1541 1351 1636 nd
1361 1563 1448 1622 aaa,
1458 1549 1529 1610 atln
1542 1549 1673 1624 Bmuzn,
1682 1529 1779 1630 spot.
1789 1551 1889 1613 Ianos.
1900 1551 1956 1633 111,

664 1658 688 1713 t.
703 1653 751 1727 11,
763 1669 796 1730 p.
811 1649 1196 1728 202.-Gsst.1uaoc.lll,
1212 1669 1278 1734 cap.
1294 1653 1364 1730 XL,
1378 1653 1499 1717 breuius
1511 1662 1622 1732 umen,
1636 1656 1689 1718 sed
1701 1656 1763 1719 lere
1775 1657 1833 1720 snb
1846 1659 1956 1722 eisdem

664 1754 788 1832 verbis.)

590 1923 661 1997 Hac
677 1929 730 1994 est
747 1917 918 1995 ordinatio
933 1941 1039 2016 mam
1056 1920 1229 1994 lacimusz·

588 2044 756 2122 Videlicet
769 2053 808 2118 ut
825 2043 892 2140 ipsi
908 2044 1134 2118 comites-sint
1146 2044 1301 2140 magistri
1315 2045 1487 2144 capitanei
1505 2033 1755 2143 quibus'super
1772 2049 1817 2122 iis
1835 2071 1957 2124 omnes

541 2170 722 2246 intendant
739 2191 760 2244 a
777 2169 916 2242 Salemo
931 2189 1043 2264 usque
1060 2168 1294 2267 Ceperanum,
1313 2167 1403 2242 sieut
1422 2192 1443 2244 a
1468 2169 1555 2244 mari
1575 2193 1687 2268 usque
1701 2171 1747 2246 ad
1764 2195 1859 2248 mare
1875 2196 1955 2270 pro-

541 2295 695 2372 tenditur
717 2303 845 2368 tractus
865 2303 975 2384 terre,
991 2294 1089 2368 salvo
1112 2301 1238 2367 statuto
1256 2295 1354 2388 regio
1371 2316 1442 2392 quo
1464 2294 1610 2370 Celanm
1627 2317 1742 2370 comes
1758 2306 1812 2372 est
1826 2297 1955 2389 megis-

541 2431 593 2496 ter
611 2419 819 2515 justitiarius
843 2416 970 2516 Apulie
994 2440 1036 2492 ac
1062 2421 1165 2492 Terre
1192 2419 1350 2512 laboris,
1373 2429 1407 2494 ot
1432 2421 1529 2495 salvo
1553 2421 1717 2496 mandato
1738 2421 1834 2516 regio
1858 2423 1954 2518 quod

539 2547 668 2622 lactum
690 2555 744 2620 est
765 2544 882 2618 comiti
899 2543 1067 2618 Fundano
1089 2545 1135 2620 de
1157 2545 1297 2620 civitate
1312 2545 1593 2642 Neapolitanam
1609 2547 1654 2619 sit
1667 2545 1825 2642 specialis
1844 2557 1956 2622 rector

539 2669 667 2768 ipsius,
684 2669 912 2763 intelligentes
929 2667 996 2758 boc
1012 2677 1179 2764 quantum
1194 2667 1241 2742 ad
1259 2669 1398 2766 proprie
1415 2670 1552 2766 negotia
1574 2670 1742 2763 civitatis;
1761 2669 1824 2744 sed
1843 2693 1954 2767 quan·

538 2804 613 2868 tum
631 2795 677 2869 ad
695 2813 900 2867 succursum
922 2793 1016 2888 regis
1035 2801 1071 2866 et
1090 2792 1137 2867 ad
1160 2793 1396 2868 defensionem
1425 2803 1460 2868 et
1485 2791 1533 2868 ad
1560 2815 1680 2892 pacem
1706 2795 1805 2890 regni
1832 2817 1954 2872 omnes

541 2919 769 2994 communiter
785 2917 965 2991 intendent
989 2917 1056 2991 biis
1080 2915 1232 2992 duobus.
1252 2918 1473 3014 Quicumque
1494 2918 1746 2993 ordinationem
1774 2919 1874 2993 istam
1898 2943 1953 2995 re·

541 3045 708 3140 ceperint,
717 3041 764 3117 ad
778 3042 927 3116 invicem
940 3039 1008 3115 sibi
1018 3063 1141 3138 pacem
1153 3042 1350 3137 observent,
1364 3053 1398 3116 et
1413 3043 1444 3116 si
1458 3043 1646 3140 quisquam
1659 3042 1835 3140 abaliquo
1850 3045 1953 3120 tuerit

539 3169 704 3259 offensus,
723 3187 794 3240 non
808 3167 923 3242 statim
938 3167 1128 3241 reoffendat
1140 3167 1315 3260 eumdem,
1328 3169 1392 3242 sed
1406 3169 1502 3266 apud
1518 3167 1691 3264 predictos
1707 3170 1849 3243 comites
1864 3191 1950 3266 quo·

539 3295 646 3368 relem
665 3292 816 3388 deponat
829 3291 892 3388 qui
908 3312 984 3365 eam
1003 3291 1197 3366 secundum
1215 3293 1382 3366 rationem
1406 3313 1448 3366 ao
1471 3293 1568 3387 regni
1591 3293 1878 3367 consuetudinem
1896 3293 1952 3366 la-

537 3419 631 3494 ciant
644 3415 912 3503 emendationi
927 3427 1043 3490 autem
1059 3415 1312 3490 ordinationem
1324 3415 1423 3488 istam
1434 3416 1587 3514 recipere
1602 3416 1775 3490 noluerint
1785 3417 1841 3492 vel
1850 3437 1950 3492 recu-

537 3543 711 3636 severint,
740 3550 906 3636 tanquam
929 3538 1045 3614 hostes
1070 3539 1202 3637 publici
1226 3538 1418 3614 habeantur
1439 3547 1475 3614 et
1501 3559 1524 3612 a
1547 3539 1669 3613 ceteris
1688 3539 1947 3637 impugnentur.

537 3665 683 3741 Ducenti
700 3664 827 3740 milites
842 3663 1037 3760 dirigantur
1054 3663 1089 3736 in
1103 3686 1306 3738 succursum
1321 3663 1412 3760 regis
1431 3685 1544 3760 usque
1560 3663 1606 3739 ad
1621 3663 1786 3739 kalendas
1801 3673 1950 3761 septem·

536 3788 622 3883 bris,
633 3787 798 3862 moraturi
813 3807 876 3886 per
891 3808 1022 3861 annum
1038 3785 1106 3860 sub
1124 3787 1261 3862 illorum
1273 3788 1472 3884 expensisa
1488 3788 1616 3884 quibus
1629 3789 1757 3864 luerint
1771 3789 1944 3866 destinati.

535 4041 656 4114 Siciliae,
673 4039 807 4100 admirans
819 4043 848 4098 et
861 4037 994 4114 gaudem,
1007 4035 1144 4096 artuum
1157 4038 1288 4097 &ranam
1303 4044 1332 4096 et
1345 4037 1461 4098 buccam
1471 4038 1604 4113 sorellae,
1617 4045 1736 4100 casuum
1749 4041 1826 4100 Artis
1840 4046 1869 4100 et
1879 4041 1948 4101 Roo-

534 4157 594 4202 cam
605 4141 706 4216 ipsius,
719 4141 849 4198 Bmccum
862 4143 891 4196 st
901 4135 1024 4196 Pesclum
1038 4135 1172 4209 Solidum,
1192 4152 1262 4212 quae
1274 4137 1365 4195 omnia
1377 4137 1531 4212 eripuerant
1548 4153 1659 4196 emanu
1672 4137 1801 4211 conradi,
1815 4139 1948 4200 concessit

531 4257 583 4314 per
595 4237 734 4316 privilegia
747 4235 867 4313 praelato
883 4233 1016 4294 Richardo
1036 4239 1065 4292 ct
1083 4231 1244 4292 baeradibm
1264 4233 1324 4308 ejus
1343 4234 1371 4291 in
1389 4239 1560 4309 perpetuum.
1579 4235 1945 4312 senatusconsultu

530 4336 668 4409 XXX1X3
681 4335 858 4410 ci.Auoupm.
871 4333 994 4404 cursim,
1009 4332 1136 4393 Obroua'e.
1145 4331 1221 4390 Fusa.
1230 4333 1337 4404 Nouos,
1348 4337 1376 4390 et
1388 4333 1462 4390 dico.
1471 4330 1504 4390 ds
1514 4332 1547 4392 S.
1561 4334 1664 4406 dum..
1677 4332 1712 4392 ad
1722 4347 1785 4392 anu.
1802 4322 1882 4394 stoa.

568 4435 605 4512 (t)
627 4435 694 4494 alio
715 4450 786 4493 anno
806 4432 978 4492 Innocentius
991 4447 1061 4507 papa
1075 4431 1103 4489 in
1120 4431 1210 4506 uigilia
1227 4431 1314 4490 suncti
1325 4430 1453 4490 lobannis
1464 4431 1609 4506 Baptistae,
1620 4445 1713 4490 meuse
1729 4431 1807 4504 junii,
1821 4432 1896 4492 ranit
1912 4431 1946 4490 ad

530 4541 654 4594 sanctum
666 4533 830 4592 Germanm
844 4529 891 4589 ubi
910 4529 945 4588 ab
959 4529 1018 4606 ipso
1031 4527 1130 4587 abbate
1143 4528 1282 4603 magnifice
1301 4535 1427 4604 receptus
1441 4535 1494 4600 ast,
1508 4534 1536 4587 et
1549 4533 1605 4588 mm
1615 4529 1676 4605 ipsa
1687 4545 1770 4604 mam
1788 4529 1884 4588 usuas
1903 4529 1946 4588 sui

531 4631 632 4691 domini
644 4630 794 4690 cardinales
804 4629 833 4687 in
845 4628 1004 4688 nsoessariis
1016 4627 1142 4686 omnibns
1152 4625 1298 4686 honorilice
1310 4625 1456 4702 procurati.
1465 4627 1542 4686 Tunc
1552 4627 1692 4686 venientes
1703 4627 1737 4686 ad
1751 4627 1840 4703 ipsum
1850 4629 1946 4686 Petrus

531 4729 567 4790 de
580 4729 677 4790 cauno
688 4734 716 4789 et
726 4727 874 4790 biccardus
885 4727 1030 4788 Fundanus
1037 4725 1169 4801 comite,
1183 4741 1247 4787 curn
1257 4727 1308 4800 ais,
1318 4731 1372 4786 etc.
1384 4727 1460 4786 ltroc.
1472 4739 1510 4786 mr
1522 4724 1551 4786 S.
1566 4725 1669 4799 Gau,
1686 4725 1815 4786 obsuto.
1828 4725 1865 4784 ad
1875 4741 1941 4784 cua.
