<?xml version="1.0" encoding="UTF-8"?>
<!DOCTYPE html PUBLIC "-//W3C//DTD XHTML 1.0 Transitional//EN"
    "http://www.w3.org/TR/xhtml1/DTD/xhtml1-transitional.dtd">
<html xmlns="http://www.w3.org/1999/xhtml" xml:lang="en" lang="en">
 <head>
  <title>
</title>
<meta http-equiv="Content-Type" content="text/html;charset=utf-8" />
  <meta name='ocr-system' content='tesseract 3.04.00' />
  <meta name='ocr-capabilities' content='ocr_page ocr_carea ocr_par ocr_line ocrx_word'/>
</head>
<body>
  <div class='ocr_page' id='page_1' title='image "./historiadiploma06fredgoog_0230.png"; bbox 0 0 4334 5980; ppageno 0'>
   <div class='ocr_carea' id='block_1_1' title="bbox 218 573 1623 672">
    <p class='ocr_par' dir='ltr' id='par_1_1' title="bbox 218 573 1623 672">
     <span class='ocr_line' id='line_1_1' title="bbox 218 573 1623 672; baseline -0.014 -14"><span class='ocrx_word' id='word_1_1' title='bbox 218 593 395 672; x_wconf 80' lang='lat' dir='ltr'><strong>lantcr.15.]</strong></span> <span class='ocrx_word' id='word_1_2' title='bbox 668 589 864 651; x_wconf 75' lang='lat' dir='ltr'>HISTORIA</span> <span class='ocrx_word' id='word_1_3' title='bbox 890 581 1183 648; x_wconf 78' lang='lat' dir='ltr'><strong>blrlolltllcrt.</strong></span> <span class='ocrx_word' id='word_1_4' title='bbox 1566 573 1623 638; x_wconf 76' lang='lat'><strong>211</strong></span> 
     </span>
    </p>
   </div>
   <div class='ocr_carea' id='block_1_2' title="bbox 218 711 1631 1814">
    <p class='ocr_par' dir='ltr' id='par_1_2' title="bbox 218 711 1631 1814">
     <span class='ocr_line' id='line_1_2' title="bbox 219 711 1626 826; baseline -0.014 -22"><span class='ocrx_word' id='word_1_5' title='bbox 219 733 261 804; x_wconf 82' lang='lat' dir='ltr'><strong>llt</strong></span> <span class='ocrx_word' id='word_1_6' title='bbox 278 752 324 804; x_wconf 88' lang='lat' dir='ltr'><strong>ne</strong></span> <span class='ocrx_word' id='word_1_7' title='bbox 339 731 414 826; x_wconf 88' lang='lat' dir='ltr'><strong>ipsa</strong></span> <span class='ocrx_word' id='word_1_8' title='bbox 431 725 578 824; x_wconf 85' lang='lat' dir='ltr'><strong>pastoris</strong></span> <span class='ocrx_word' id='word_1_9' title='bbox 595 726 717 800; x_wconf 86' lang='lat' dir='ltr'><strong>solatio</strong></span> <span class='ocrx_word' id='word_1_10' title='bbox 735 723 868 799; x_wconf 90' lang='lat' dir='ltr'><strong>diutius</strong></span> <span class='ocrx_word' id='word_1_11' title='bbox 885 731 1023 796; x_wconf 89' lang='lat' dir='ltr'><strong>maneat</strong></span> <span class='ocrx_word' id='word_1_12' title='bbox 1041 719 1199 809; x_wconf 86' lang='lat' dir='ltr'><strong>viduata,</strong></span> <span class='ocrx_word' id='word_1_13' title='bbox 1221 711 1417 790; x_wconf 89' lang='lat' dir='ltr'><strong>discretioni</strong></span> <span class='ocrx_word' id='word_1_14' title='bbox 1436 721 1549 784; x_wconf 88' lang='lat' dir='ltr'><strong>vestre</strong></span> <span class='ocrx_word' id='word_1_15' title='bbox 1565 733 1626 807; x_wconf 91' lang='lat' dir='ltr'><strong>per</strong></span> 
     </span>
     <span class='ocr_line' id='line_1_3' title="bbox 218 835 1627 951; baseline -0.016 -21"><span class='ocrx_word' id='word_1_16' title='bbox 218 855 402 951; x_wconf 89' lang='lat' dir='ltr'><strong>apostolica</strong></span> <span class='ocrx_word' id='word_1_17' title='bbox 432 852 558 947; x_wconf 89' lang='lat' dir='ltr'><strong>scripta</strong></span> <span class='ocrx_word' id='word_1_18' title='bbox 592 849 819 948; x_wconf 76' lang='lat' dir='ltr'>precipiendo</span> <span class='ocrx_word' id='word_1_19' title='bbox 853 849 1060 922; x_wconf 89' lang='lat' dir='ltr'><strong>mandamus</strong></span> <span class='ocrx_word' id='word_1_20' title='bbox 1081 844 1262 940; x_wconf 79' lang='lat' dir='ltr'><strong>quatinus,</strong></span> <span class='ocrx_word' id='word_1_21' title='bbox 1288 841 1448 913; x_wconf 89' lang='lat' dir='ltr'><strong>invocata</strong></span> <span class='ocrx_word' id='word_1_22' title='bbox 1479 835 1627 933; x_wconf 90' lang='lat' dir='ltr'><strong>Spiritus</strong></span> 
     </span>
     <span class='ocr_line' id='line_1_4' title="bbox 220 959 1629 1072; baseline -0.013 -20"><span class='ocrx_word' id='word_1_23' title='bbox 220 977 334 1052; x_wconf 81' lang='lat' dir='ltr'><strong>Sancti</strong></span> <span class='ocrx_word' id='word_1_24' title='bbox 358 975 484 1072; x_wconf 77' lang='lat' dir='ltr'><strong>gratia,</strong></span> <span class='ocrx_word' id='word_1_25' title='bbox 506 995 689 1070; x_wconf 78' lang='lat' dir='ltr'>personam</span> <span class='ocrx_word' id='word_1_26' title='bbox 710 973 871 1047; x_wconf 81' lang='lat' dir='ltr'><strong>idoneam</strong></span> <span class='ocrx_word' id='word_1_27' title='bbox 898 993 960 1068; x_wconf 90' lang='lat' dir='ltr'><strong>per</strong></span> <span class='ocrx_word' id='word_1_28' title='bbox 983 971 1186 1044; x_wconf 89' lang='lat' dir='ltr'><strong>electionem</strong></span> <span class='ocrx_word' id='word_1_29' title='bbox 1215 963 1416 1040; x_wconf 89' lang='lat' dir='ltr'><strong>canonicam</strong></span> <span class='ocrx_word' id='word_1_30' title='bbox 1443 959 1629 1058; x_wconf 84' lang='lat' dir='ltr'><strong>proficiatis</strong></span> 
     </span>
     <span class='ocr_line' id='line_1_5' title="bbox 222 1083 1628 1194; baseline -0.011 -20"><span class='ocrx_word' id='word_1_31' title='bbox 222 1093 323 1176; x_wconf 88' lang='lat' dir='ltr'><strong>vobis</strong></span> <span class='ocrx_word' id='word_1_32' title='bbox 337 1101 427 1173; x_wconf 84' lang='lat' dir='ltr'><strong>inira</strong></span> <span class='ocrx_word' id='word_1_33' title='bbox 445 1099 585 1194; x_wconf 79' lang='lat' dir='ltr'><strong>triginta</strong></span> <span class='ocrx_word' id='word_1_34' title='bbox 603 1097 678 1172; x_wconf 90' lang='lat' dir='ltr'><strong>dies</strong></span> <span class='ocrx_word' id='word_1_35' title='bbox 694 1109 772 1194; x_wconf 92' lang='lat' dir='ltr'><strong>post</strong></span> <span class='ocrx_word' id='word_1_36' title='bbox 788 1097 1039 1193; x_wconf 74' lang='lat' dir='ltr'><strong>susceptionem</strong></span> <span class='ocrx_word' id='word_1_37' title='bbox 1055 1094 1262 1189; x_wconf 86' lang='lat' dir='ltr'><strong>presentium</strong></span> <span class='ocrx_word' id='word_1_38' title='bbox 1281 1091 1316 1162; x_wconf 93' lang='lat' dir='ltr'><strong>in</strong></span> <span class='ocrx_word' id='word_1_39' title='bbox 1332 1097 1514 1185; x_wconf 84' lang='lat' dir='ltr'><strong>pastorem.</strong></span> <span class='ocrx_word' id='word_1_40' title='bbox 1531 1083 1628 1159; x_wconf 81' lang='lat' dir='ltr'><strong>Alio·</strong></span> 
     </span>
     <span class='ocr_line' id='line_1_6' title="bbox 222 1209 1626 1321; baseline -0.011 -23"><span class='ocrx_word' id='word_1_41' title='bbox 222 1225 309 1321; x_wconf 91' lang='lat' dir='ltr'><strong>quin</strong></span> <span class='ocrx_word' id='word_1_42' title='bbox 338 1225 463 1298; x_wconf 91' lang='lat' dir='ltr'><strong>dilecto</strong></span> <span class='ocrx_word' id='word_1_43' title='bbox 494 1221 565 1296; x_wconf 89' lang='lat' dir='ltr'><strong>lilio</strong></span> <span class='ocrx_word' id='word_1_44' title='bbox 594 1231 711 1296; x_wconf 89' lang='lat' dir='ltr'><strong>nostro</strong></span> <span class='ocrx_word' id='word_1_45' title='bbox 741 1220 903 1317; x_wconf 78' lang='lat' dir='ltr'><strong>Gregorio</strong></span> <span class='ocrx_word' id='word_1_46' title='bbox 935 1219 1049 1294; x_wconf 88' lang='lat' dir='ltr'><strong>Sancti</strong></span> <span class='ocrx_word' id='word_1_47' title='bbox 1073 1217 1242 1292; x_wconf 83' lang='lat' dir='ltr'><strong>Theodori</strong></span> <span class='ocrx_word' id='word_1_48' title='bbox 1268 1213 1413 1289; x_wconf 92' lang='lat' dir='ltr'><strong>diacono</strong></span> <span class='ocrx_word' id='word_1_49' title='bbox 1440 1209 1626 1302; x_wconf 84' lang='lat' dir='ltr'><strong>cardinali,</strong></span> 
     </span>
     <span class='ocr_line' id='line_1_7' title="bbox 224 1334 1631 1444; baseline -0.009 -24"><span class='ocrx_word' id='word_1_50' title='bbox 224 1347 417 1444; x_wconf 79' lang='lat' dir='ltr'><strong>Apostolice</strong></span> <span class='ocrx_word' id='word_1_51' title='bbox 432 1343 533 1418; x_wconf 87' lang='lat' dir='ltr'><strong>Sedis</strong></span> <span class='ocrx_word' id='word_1_52' title='bbox 551 1346 680 1440; x_wconf 79' lang='lat' dir='ltr'><strong>legato,</strong></span> <span class='ocrx_word' id='word_1_53' title='bbox 699 1347 823 1419; x_wconf 89' lang='lat' dir='ltr'><strong>nostris</strong></span> <span class='ocrx_word' id='word_1_54' title='bbox 842 1345 966 1419; x_wconf 89' lang='lat' dir='ltr'><strong>damus</strong></span> <span class='ocrx_word' id='word_1_55' title='bbox 986 1342 1107 1416; x_wconf 91' lang='lat' dir='ltr'><strong>litteris</strong></span> <span class='ocrx_word' id='word_1_56' title='bbox 1127 1343 1163 1414; x_wconf 93' lang='lat' dir='ltr'><strong>in</strong></span> <span class='ocrx_word' id='word_1_57' title='bbox 1183 1339 1355 1414; x_wconf 90' lang='lat' dir='ltr'><strong>mandatis</strong></span> <span class='ocrx_word' id='word_1_58' title='bbox 1377 1347 1415 1410; x_wconf 89' lang='lat' dir='ltr'><strong>ut</strong></span> <span class='ocrx_word' id='word_1_59' title='bbox 1434 1337 1509 1433; x_wconf 89' lang='lat' dir='ltr'><strong>ipso</strong></span> <span class='ocrx_word' id='word_1_60' title='bbox 1529 1334 1631 1410; x_wconf 86' lang='lat' dir='ltr'><strong>vobis</strong></span> 
     </span>
     <span class='ocr_line' id='line_1_8' title="bbox 225 1461 1630 1567; baseline -0.009 -22"><span class='ocrx_word' id='word_1_61' title='bbox 225 1474 338 1545; x_wconf 88' lang='lat' dir='ltr'><strong>virum</strong></span> <span class='ocrx_word' id='word_1_62' title='bbox 365 1469 530 1543; x_wconf 89' lang='lat' dir='ltr'><strong>idoneum</strong></span> <span class='ocrx_word' id='word_1_63' title='bbox 554 1467 708 1567; x_wconf 83' lang='lat' dir='ltr'><strong>preficiat</strong></span> <span class='ocrx_word' id='word_1_64' title='bbox 726 1469 763 1542; x_wconf 92' lang='lat' dir='ltr'><strong>in</strong></span> <span class='ocrx_word' id='word_1_65' title='bbox 782 1477 971 1564; x_wconf 85' lang='lat' dir='ltr'><strong>pastorem;</strong></span> <span class='ocrx_word' id='word_1_66' title='bbox 1000 1465 1267 1541; x_wconf 85' lang='lat' dir='ltr'><strong>contradictores</strong></span> <span class='ocrx_word' id='word_1_67' title='bbox 1284 1465 1313 1536; x_wconf 91' lang='lat' dir='ltr'><strong>si</strong></span> <span class='ocrx_word' id='word_1_68' title='bbox 1332 1462 1394 1558; x_wconf 91' lang='lat' dir='ltr'><strong>qui</strong></span> <span class='ocrx_word' id='word_1_69' title='bbox 1418 1461 1543 1535; x_wconf 88' lang='lat' dir='ltr'><strong>inerint</strong></span> <span class='ocrx_word' id='word_1_70' title='bbox 1568 1481 1630 1556; x_wconf 88' lang='lat' dir='ltr'><strong>per</strong></span> 
     </span>
     <span class='ocr_line' id='line_1_9' title="bbox 226 1584 1589 1690; baseline -0.01 -21"><span class='ocrx_word' id='word_1_71' title='bbox 226 1617 403 1669; x_wconf 86' lang='lat' dir='ltr'><strong>censuram</strong></span> <span class='ocrx_word' id='word_1_72' title='bbox 420 1594 699 1684; x_wconf 86' lang='lat' dir='ltr'><strong>ecclesiasticam,</strong></span> <span class='ocrx_word' id='word_1_73' title='bbox 716 1593 853 1667; x_wconf 87' lang='lat' dir='ltr'><strong>sublato</strong></span> <span class='ocrx_word' id='word_1_74' title='bbox 870 1592 1109 1690; x_wconf 84' lang='lat' dir='ltr'><strong>appellationis</strong></span> <span class='ocrx_word' id='word_1_75' title='bbox 1122 1589 1310 1680; x_wconf 89' lang='lat' dir='ltr'><strong>obstaculo,</strong></span> <span class='ocrx_word' id='word_1_76' title='bbox 1326 1584 1589 1684; x_wconf 85' lang='lat' dir='ltr'><strong>compescendo.</strong></span> 
     </span>
     <span class='ocr_line' id='line_1_10' title="bbox 276 1709 1630 1814; baseline -0.01 -21"><span class='ocrx_word' id='word_1_77' title='bbox 276 1723 398 1794; x_wconf 88' lang='lat' dir='ltr'><strong>Datum</strong></span> <span class='ocrx_word' id='word_1_78' title='bbox 414 1719 584 1808; x_wconf 82' lang='lat' dir='ltr'><strong>laterani,</strong></span> <span class='ocrx_word' id='word_1_79' title='bbox 604 1719 650 1791; x_wconf 85' lang='lat' dir='ltr'><strong>vl</strong></span> <span class='ocrx_word' id='word_1_80' title='bbox 669 1717 751 1792; x_wconf 89' lang='lat' dir='ltr'><strong>idus</strong></span> <span class='ocrx_word' id='word_1_81' title='bbox 768 1717 869 1810; x_wconf 90' lang='lat' dir='ltr'><strong>maii,</strong></span> <span class='ocrx_word' id='word_1_82' title='bbox 889 1715 1106 1814; x_wconf 85' lang='lat' dir='ltr'><strong>pontificatus</strong></span> <span class='ocrx_word' id='word_1_83' title='bbox 1125 1713 1230 1787; x_wconf 91' lang='lat' dir='ltr'><strong>nostri</strong></span> <span class='ocrx_word' id='word_1_84' title='bbox 1251 1733 1342 1786; x_wconf 87' lang='lat' dir='ltr'><strong>anno</strong></span> <span class='ocrx_word' id='word_1_85' title='bbox 1360 1709 1630 1808; x_wconf 88' lang='lat' dir='ltr'><strong>quintodecimo.</strong></span> 
     </span>
    </p>
   </div>
   <div class='ocr_carea' id='block_1_3' title="bbox 445 2025 1420 2042">
    <p class='ocr_par' dir='ltr' id='par_1_3' title="bbox 445 2025 1420 2042">
     <span class='ocr_line' id='line_1_11' title="bbox 445 2025 1420 2042; baseline -0.003 -5"><span class='ocrx_word' id='word_1_86' title='bbox 445 2027 1114 2042; x_wconf 37' lang='lat' dir='ltr'><strong>pon-m--nuunnooau</strong></span> <span class='ocrx_word' id='word_1_87' title='bbox 1119 2029 1134 2036; x_wconf 76' lang='lat'><strong>.-</strong></span> <span class='ocrx_word' id='word_1_88' title='bbox 1141 2031 1149 2036; x_wconf 90' lang='lat'>.</span> <span class='ocrx_word' id='word_1_89' title='bbox 1155 2031 1159 2036; x_wconf 92' lang='lat'>.</span> <span class='ocrx_word' id='word_1_90' title='bbox 1167 2029 1192 2038; x_wconf 73' lang='lat' dir='ltr'><strong>-m</strong></span> <span class='ocrx_word' id='word_1_91' title='bbox 1210 2029 1261 2038; x_wconf 59' lang='grc' dir='ltr'><strong>--ημο</strong></span> <span class='ocrx_word' id='word_1_92' title='bbox 1266 2031 1270 2036; x_wconf 93' lang='grc'>.</span> <span class='ocrx_word' id='word_1_93' title='bbox 1275 2029 1286 2036; x_wconf 74' lang='lat' dir='ltr'>n</span> <span class='ocrx_word' id='word_1_94' title='bbox 1291 2027 1384 2036; x_wconf 71' lang='lat' dir='ltr'><strong>-n-n</strong></span> <span class='ocrx_word' id='word_1_95' title='bbox 1389 2025 1420 2034; x_wconf 74' lang='grc' dir='ltr'><strong>ι-</strong></span> 
     </span>
    </p>
   </div>
   <div class='ocr_carea' id='block_1_4' title="bbox 283 2306 1809 2422">
    <p class='ocr_par' dir='ltr' id='par_1_4' title="bbox 283 2306 1809 2422">
     <span class='ocr_line' id='line_1_12' title="bbox 283 2306 1809 2422; baseline -0.003 -30"><span class='ocrx_word' id='word_1_96' title='bbox 283 2309 496 2394; x_wconf 88' lang='lat' dir='ltr'><strong>Fridericus</strong></span> <span class='ocrx_word' id='word_1_97' title='bbox 521 2335 589 2394; x_wconf 85' lang='lat' dir='ltr'><strong>rex</strong></span> <span class='ocrx_word' id='word_1_98' title='bbox 620 2309 791 2414; x_wconf 89' lang='lat' dir='ltr'><strong>Siciliae,</strong></span> <span class='ocrx_word' id='word_1_99' title='bbox 821 2310 862 2391; x_wconf 92' lang='lat' dir='ltr'><strong>in</strong></span> <span class='ocrx_word' id='word_1_100' title='bbox 893 2309 1153 2394; x_wconf 88' lang='lat' dir='ltr'><strong>Romanorum</strong></span> <span class='ocrx_word' id='word_1_101' title='bbox 1183 2309 1450 2418; x_wconf 87' lang='lat' dir='ltr'><strong>imperatorem</strong></span> <span class='ocrx_word' id='word_1_102' title='bbox 1479 2306 1641 2408; x_wconf 89' lang='lat' dir='ltr'><strong>electus,</strong></span> <span class='ocrx_word' id='word_1_103' title='bbox 1726 2337 1809 2422; x_wconf 57' lang='lat' dir='ltr'><strong>unp</strong></span> 
     </span>
    </p>
   </div>
   <div class='ocr_carea' id='block_1_5' title="bbox 232 2440 1643 2554">
    <p class='ocr_par' dir='ltr' id='par_1_5' title="bbox 232 2440 1643 2554">
     <span class='ocr_line' id='line_1_13' title="bbox 232 2440 1643 2554; baseline -0.001 -29"><span class='ocrx_word' id='word_1_104' title='bbox 232 2443 424 2527; x_wconf 86' lang='lat' dir='ltr'><strong>Guelterio</strong></span> <span class='ocrx_word' id='word_1_105' title='bbox 442 2443 580 2528; x_wconf 86' lang='lat' dir='ltr'><strong>Gentili</strong></span> <span class='ocrx_word' id='word_1_106' title='bbox 599 2468 742 2554; x_wconf 84' lang='lat' dir='ltr'><strong>magno</strong></span> <span class='ocrx_word' id='word_1_107' title='bbox 759 2442 1018 2526; x_wconf 80' lang='lat' dir='ltr'><strong>comestabulo</strong></span> <span class='ocrx_word' id='word_1_108' title='bbox 1036 2453 1074 2525; x_wconf 90' lang='lat' dir='ltr'><strong>et</strong></span> <span class='ocrx_word' id='word_1_109' title='bbox 1088 2443 1281 2526; x_wconf 84' lang='lat' dir='ltr'><strong>bernardo</strong></span> <span class='ocrx_word' id='word_1_110' title='bbox 1301 2441 1454 2548; x_wconf 89' lang='lat' dir='ltr'><strong>Gentili,</strong></span> <span class='ocrx_word' id='word_1_111' title='bbox 1465 2440 1643 2524; x_wconf 90' lang='lat' dir='ltr'><strong>fidelibus</strong></span> 
     </span>
    </p>
   </div>
   <div class='ocr_carea' id='block_1_6' title="bbox 233 2573 1641 2822">
    <p class='ocr_par' dir='ltr' id='par_1_6' title="bbox 233 2573 1641 2822">
     <span class='ocr_line' id='line_1_14' title="bbox 233 2573 1641 2686; baseline 0.001 -28"><span class='ocrx_word' id='word_1_112' title='bbox 233 2575 336 2683; x_wconf 91' lang='lat' dir='ltr'><strong>suis,</strong></span> <span class='ocrx_word' id='word_1_113' title='bbox 356 2577 528 2660; x_wconf 81' lang='lat' dir='ltr'><strong>conrodit</strong></span> <span class='ocrx_word' id='word_1_114' title='bbox 544 2585 582 2659; x_wconf 88' lang='lat' dir='ltr'><strong>et</strong></span> <span class='ocrx_word' id='word_1_115' title='bbox 602 2576 884 2686; x_wconf 87' lang='lat' dir='ltr'><strong>inperpetuum</strong></span> <span class='ocrx_word' id='word_1_116' title='bbox 911 2574 1111 2660; x_wconf 90' lang='lat' dir='ltr'><strong>confirmet</strong></span> <span class='ocrx_word' id='word_1_117' title='bbox 1127 2573 1376 2680; x_wconf 89' lang='lat' dir='ltr'><strong>Ischitellam,</strong></span> <span class='ocrx_word' id='word_1_118' title='bbox 1399 2575 1641 2676; x_wconf 75' lang='lat' dir='ltr'><strong>Quuudum</strong></span> 
     </span>
     <span class='ocr_line' id='line_1_15' title="bbox 234 2707 728 2822; baseline 0.008 -32"><span class='ocrx_word' id='word_1_119' title='bbox 234 2719 271 2791; x_wconf 86' lang='lat' dir='ltr'><strong>et</strong></span> <span class='ocrx_word' id='word_1_120' title='bbox 286 2707 495 2792; x_wconf 81' lang='lat' dir='ltr'><strong>bairanum</strong></span> <span class='ocrx_word' id='word_1_121' title='bbox 512 2707 728 2822; x_wconf 85' lang='lat' dir='ltr'><strong>(Veirano).</strong></span> 
     </span>
    </p>
   </div>
   <div class='ocr_carea' id='block_1_7' title="bbox 313 2919 1646 3213">
    <p class='ocr_par' dir='ltr' id='par_1_7' title="bbox 313 2919 1646 3213">
     <span class='ocr_line' id='line_1_16' title="bbox 313 2919 1643 3008; baseline 0 -22"><span class='ocrx_word' id='word_1_122' title='bbox 313 2921 424 2998; x_wconf 79' lang='lat' dir='ltr'><strong>(Edldlt</strong></span> <span class='ocrx_word' id='word_1_123' title='bbox 435 2931 469 2987; x_wconf 91' lang='lat' dir='ltr'><strong>nt</strong></span> <span class='ocrx_word' id='word_1_124' title='bbox 482 2927 777 3004; x_wconf 75' lang='lat' dir='ltr'><strong>seqniturztzzm,</strong></span> <span class='ocrx_word' id='word_1_125' title='bbox 792 2921 918 3008; x_wconf 76' lang='lat' dir='ltr'><strong>Famipl.</strong></span> <span class='ocrx_word' id='word_1_126' title='bbox 932 2921 1021 2986; x_wconf 79' lang='lat' dir='ltr'><strong>nobil.</strong></span> <span class='ocrx_word' id='word_1_127' title='bbox 1036 2919 1149 3000; x_wconf 68' lang='lat' dir='ltr'><strong>cluat,</strong></span> <span class='ocrx_word' id='word_1_128' title='bbox 1164 2919 1386 3005; x_wconf 80' lang='lat' dir='ltr'><strong>dallosamipiin</strong></span> <span class='ocrx_word' id='word_1_129' title='bbox 1400 2919 1527 2996; x_wconf 81' lang='lat' dir='ltr'><strong>Geatiia,</strong></span> <span class='ocrx_word' id='word_1_130' title='bbox 1540 2939 1572 3003; x_wconf 93' lang='lat' dir='ltr'><strong>p.</strong></span> <span class='ocrx_word' id='word_1_131' title='bbox 1586 2933 1643 3000; x_wconf 63' lang='grc' dir='ltr'><strong>ὥς</strong></span> 
     </span>
     <span class='ocr_line' id='line_1_17' title="bbox 354 3029 1646 3111; baseline 0.003 -19"><span class='ocrx_word' id='word_1_132' title='bbox 354 3047 415 3092; x_wconf 90' lang='grc' dir='ltr'>ιιοιι</span> <span class='ocrx_word' id='word_1_133' title='bbox 438 3031 568 3092; x_wconf 81' lang='lat' dir='ltr'><strong>lndlmto</strong></span> <span class='ocrx_word' id='word_1_134' title='bbox 589 3032 670 3094; x_wconf 80' lang='lat' dir='ltr'><strong>touta</strong></span> <span class='ocrx_word' id='word_1_135' title='bbox 692 3031 772 3094; x_wconf 72' lang='grc' dir='ltr'>ιιιιᾱο</span> <span class='ocrx_word' id='word_1_136' title='bbox 793 3031 992 3111; x_wconf 76' lang='lat' dir='ltr'><strong>fragmentum</strong></span> <span class='ocrx_word' id='word_1_137' title='bbox 1014 3031 1111 3110; x_wconf 87' lang='lat' dir='ltr'><strong>istud,</strong></span> <span class='ocrx_word' id='word_1_138' title='bbox 1130 3031 1217 3110; x_wconf 87' lang='lat' dir='ltr'><strong>plane</strong></span> <span class='ocrx_word' id='word_1_139' title='bbox 1236 3039 1334 3092; x_wconf 77' lang='lat' dir='ltr'><strong>mmen</strong></span> <span class='ocrx_word' id='word_1_140' title='bbox 1356 3029 1572 3106; x_wconf 87' lang='lat' dir='ltr'><strong>authentlcum,</strong></span> <span class='ocrx_word' id='word_1_141' title='bbox 1591 3047 1646 3096; x_wconf 79' lang='lat' dir='ltr'><strong>ox·</strong></span> 
     </span>
     <span class='ocr_line' id='line_1_18' title="bbox 356 3140 501 3213; baseline 0 -15"><span class='ocrx_word' id='word_1_142' title='bbox 356 3140 501 3213; x_wconf 80' lang='lat' dir='ltr'><strong>truerlt)</strong></span> 
     </span>
    </p>
   </div>
   <div class='ocr_carea' id='block_1_8' title="bbox 239 3318 1648 3546">
    <p class='ocr_par' dir='ltr' id='par_1_8' title="bbox 239 3318 1648 3546">
     <span class='ocr_line' id='line_1_19' title="bbox 286 3318 1648 3422; baseline 0.004 -29"><span class='ocrx_word' id='word_1_143' title='bbox 286 3318 505 3418; x_wconf 82' lang='lat' dir='ltr'><strong>[Fmdericus</strong></span> <span class='ocrx_word' id='word_1_144' title='bbox 525 3343 590 3396; x_wconf 89' lang='lat' dir='ltr'><strong>rex</strong></span> <span class='ocrx_word' id='word_1_145' title='bbox 610 3321 745 3412; x_wconf 91' lang='lat' dir='ltr'><strong>Sicilie,</strong></span> <span class='ocrx_word' id='word_1_146' title='bbox 766 3321 915 3396; x_wconf 88' lang='lat' dir='ltr'><strong>ducatus</strong></span> <span class='ocrx_word' id='word_1_147' title='bbox 936 3321 1062 3418; x_wconf 81' lang='lat' dir='ltr'><strong>Apulia</strong></span> <span class='ocrx_word' id='word_1_148' title='bbox 1086 3333 1121 3394; x_wconf 89' lang='lat' dir='ltr'><strong>et</strong></span> <span class='ocrx_word' id='word_1_149' title='bbox 1139 3321 1349 3422; x_wconf 89' lang='lat' dir='ltr'><strong>principatus</strong></span> <span class='ocrx_word' id='word_1_150' title='bbox 1367 3323 1498 3420; x_wconf 88' lang='lat' dir='ltr'><strong>Capue,</strong></span> <span class='ocrx_word' id='word_1_151' title='bbox 1521 3325 1557 3396; x_wconf 90' lang='lat' dir='ltr'><strong>in</strong></span> <span class='ocrx_word' id='word_1_152' title='bbox 1573 3325 1648 3398; x_wconf 87' lang='lat' dir='ltr'><strong>llo-</strong></span> 
     </span>
     <span class='ocr_line' id='line_1_20' title="bbox 239 3445 1646 3546; baseline 0 -24"><span class='ocrx_word' id='word_1_153' title='bbox 239 3469 418 3522; x_wconf 90' lang='lat' dir='ltr'><strong>manorum</strong></span> <span class='ocrx_word' id='word_1_154' title='bbox 443 3447 683 3545; x_wconf 89' lang='lat' dir='ltr'><strong>imperatorem</strong></span> <span class='ocrx_word' id='word_1_155' title='bbox 706 3445 856 3546; x_wconf 86' lang='lat' dir='ltr'><strong>electus]</strong></span> <span class='ocrx_word' id='word_1_156' title='bbox 861 3503 1646 3525; x_wconf 90' lang='grc'><strong>........................</strong></span> 
     </span>
    </p>
   </div>
   <div class='ocr_carea' id='block_1_9' title="bbox 242 3694 1652 4044">
    <p class='ocr_par' dir='ltr' id='par_1_9' title="bbox 242 3694 1652 4044">
     <span class='ocr_line' id='line_1_21' title="bbox 242 3694 1652 3796; baseline 0.005 -29"><span class='ocrx_word' id='word_1_157' title='bbox 242 3694 325 3770; x_wconf 90' lang='lat' dir='ltr'><strong>lnde</strong></span> <span class='ocrx_word' id='word_1_158' title='bbox 344 3697 508 3794; x_wconf 90' lang='lat' dir='ltr'><strong>estquod</strong></span> <span class='ocrx_word' id='word_1_159' title='bbox 529 3719 593 3770; x_wconf 91' lang='lat' dir='ltr'><strong>nos</strong></span> <span class='ocrx_word' id='word_1_160' title='bbox 614 3697 830 3772; x_wconf 87' lang='lat' dir='ltr'><strong>attendentes</strong></span> <span class='ocrx_word' id='word_1_161' title='bbox 855 3697 961 3772; x_wconf 88' lang='lat' dir='ltr'><strong>fidem</strong></span> <span class='ocrx_word' id='word_1_162' title='bbox 984 3719 1126 3796; x_wconf 90' lang='lat' dir='ltr'><strong>puram,</strong></span> <span class='ocrx_word' id='word_1_163' title='bbox 1147 3697 1368 3772; x_wconf 82' lang='lat' dir='ltr'><strong>devotionem</strong></span> <span class='ocrx_word' id='word_1_164' title='bbox 1388 3699 1597 3774; x_wconf 88' lang='lat' dir='ltr'><strong>laudabilem</strong></span> <span class='ocrx_word' id='word_1_165' title='bbox 1616 3711 1652 3776; x_wconf 86' lang='lat' dir='ltr'><strong>et</strong></span> 
     </span>
     <span class='ocr_line' id='line_1_22' title="bbox 242 3821 1650 3918; baseline 0.004 -25"><span class='ocrx_word' id='word_1_166' title='bbox 242 3829 337 3915; x_wconf 77' lang='lat' dir='ltr'><strong>grata</strong></span> <span class='ocrx_word' id='word_1_167' title='bbox 363 3821 504 3895; x_wconf 88' lang='lat' dir='ltr'><strong>servitia</strong></span> <span class='ocrx_word' id='word_1_168' title='bbox 534 3843 604 3918; x_wconf 85' lang='lat' dir='ltr'><strong>qne</strong></span> <span class='ocrx_word' id='word_1_169' title='bbox 628 3843 710 3914; x_wconf 88' lang='lat' dir='ltr'><strong>vos,</strong></span> <span class='ocrx_word' id='word_1_170' title='bbox 736 3823 907 3898; x_wconf 85' lang='lat' dir='ltr'><strong>Goalterie</strong></span> <span class='ocrx_word' id='word_1_171' title='bbox 933 3823 1077 3898; x_wconf 87' lang='lat' dir='ltr'><strong>Gentilis</strong></span> <span class='ocrx_word' id='word_1_172' title='bbox 1104 3844 1229 3918; x_wconf 83' lang='lat' dir='ltr'><strong>magne</strong></span> <span class='ocrx_word' id='word_1_173' title='bbox 1250 3825 1485 3899; x_wconf 88' lang='lat' dir='ltr'><strong>comestabule</strong></span> <span class='ocrx_word' id='word_1_174' title='bbox 1505 3835 1541 3899; x_wconf 90' lang='lat' dir='ltr'><strong>et</strong></span> <span class='ocrx_word' id='word_1_175' title='bbox 1561 3827 1650 3900; x_wconf 80' lang='lat' dir='ltr'><strong>liar-</strong></span> 
     </span>
     <span class='ocr_line' id='line_1_23' title="bbox 244 3943 1650 4044; baseline 0.005 -28"><span class='ocrx_word' id='word_1_176' title='bbox 244 3943 350 4020; x_wconf 91' lang='lat' dir='ltr'><strong>narde</strong></span> <span class='ocrx_word' id='word_1_177' title='bbox 375 3944 518 4021; x_wconf 86' lang='lat' dir='ltr'><strong>Gentilis</strong></span> <span class='ocrx_word' id='word_1_178' title='bbox 536 3947 603 4044; x_wconf 90' lang='lat' dir='ltr'><strong>(l),</strong></span> <span class='ocrx_word' id='word_1_179' title='bbox 622 3946 742 4022; x_wconf 82' lang='lat' dir='ltr'><strong>fideles</strong></span> <span class='ocrx_word' id='word_1_180' title='bbox 768 3949 893 4042; x_wconf 72' lang='lat' dir='ltr'><strong>nuni,</strong></span> <span class='ocrx_word' id='word_1_181' title='bbox 912 3959 995 4042; x_wconf 83' lang='lat' dir='ltr'><strong>etc,</strong></span> <span class='ocrx_word' id='word_1_182' title='bbox 1021 3959 1087 4022; x_wconf 89' lang='lat' dir='ltr'><strong>etc.</strong></span> <span class='ocrx_word' id='word_1_183' title='bbox 1107 3947 1354 4039; x_wconf 85' lang='lat' dir='ltr'><strong>Concedimus,</strong></span> <span class='ocrx_word' id='word_1_184' title='bbox 1373 3949 1543 4024; x_wconf 89' lang='lat' dir='ltr'><strong>donamus</strong></span> <span class='ocrx_word' id='word_1_185' title='bbox 1560 3959 1596 4024; x_wconf 90' lang='lat' dir='ltr'><strong>et</strong></span> <span class='ocrx_word' id='word_1_186' title='bbox 1613 3950 1650 4024; x_wconf 91' lang='lat' dir='ltr'><strong>in</strong></span> 
     </span>
    </p>
   </div>
   <div class='ocr_carea' id='block_1_10' title="bbox 245 4241 1655 4618">
    <p class='ocr_par' dir='ltr' id='par_1_10' title="bbox 245 4241 1655 4618">
     <span class='ocr_line' id='line_1_24' title="bbox 279 4241 1651 4320; baseline 0.006 -22"><span class='ocrx_word' id='word_1_187' title='bbox 279 4242 316 4314; x_wconf 81' lang='lat' dir='ltr'><strong>(l)</strong></span> <span class='ocrx_word' id='word_1_188' title='bbox 333 4241 435 4300; x_wconf 69' lang='lat' dir='ltr'><strong>lentio</strong></span> <span class='ocrx_word' id='word_1_189' title='bbox 452 4242 567 4301; x_wconf 77' lang='lat' dir='ltr'><strong>babetur</strong></span> <span class='ocrx_word' id='word_1_190' title='bbox 583 4243 712 4302; x_wconf 79' lang='lat' dir='ltr'><strong>Gmlterii</strong></span> <span class='ocrx_word' id='word_1_191' title='bbox 733 4243 846 4304; x_wconf 87' lang='lat' dir='ltr'><strong>Gentilis</strong></span> <span class='ocrx_word' id='word_1_192' title='bbox 869 4261 932 4303; x_wconf 78' lang='lat' dir='ltr'><strong>curm</strong></span> <span class='ocrx_word' id='word_1_193' title='bbox 954 4245 1049 4304; x_wconf 64' lang='lat' dir='ltr'><strong>mem</strong></span> <span class='ocrx_word' id='word_1_194' title='bbox 1066 4245 1142 4304; x_wconf 91' lang='lat' dir='ltr'><strong>titulo</strong></span> <span class='ocrx_word' id='word_1_195' title='bbox 1163 4247 1190 4303; x_wconf 91' lang='lat' dir='ltr'><strong>in</strong></span> <span class='ocrx_word' id='word_1_196' title='bbox 1212 4246 1373 4304; x_wconf 77' lang='lat' dir='ltr'><strong>documento</strong></span> <span class='ocrx_word' id='word_1_197' title='bbox 1393 4245 1461 4304; x_wconf 86' lang='lat' dir='ltr'><strong>inira</strong></span> <span class='ocrx_word' id='word_1_198' title='bbox 1482 4245 1581 4320; x_wconf 85' lang='lat' dir='ltr'><strong>relato,</strong></span> <span class='ocrx_word' id='word_1_199' title='bbox 1595 4247 1651 4306; x_wconf 87' lang='lat' dir='ltr'><strong>dat.</strong></span> 
     </span>
     <span class='ocr_line' id='line_1_25' title="bbox 245 4337 1653 4418; baseline 0.006 -20"><span class='ocrx_word' id='word_1_200' title='bbox 245 4337 352 4414; x_wconf 87' lang='lat' dir='ltr'><strong>Spirae,</strong></span> <span class='ocrx_word' id='word_1_201' title='bbox 364 4356 458 4399; x_wconf 89' lang='lat' dir='ltr'><strong>mense</strong></span> <span class='ocrx_word' id='word_1_202' title='bbox 470 4341 591 4400; x_wconf 86' lang='lat' dir='ltr'><strong>decemb.</strong></span> <span class='ocrx_word' id='word_1_203' title='bbox 601 4345 670 4400; x_wconf 73' lang='lat' dir='ltr'><strong>lm</strong></span> <span class='ocrx_word' id='word_1_204' title='bbox 682 4359 689 4398; x_wconf 91' lang='lat'>:</span> <span class='ocrx_word' id='word_1_205' title='bbox 699 4343 771 4400; x_wconf 88' lang='lat' dir='ltr'><strong>unda</strong></span> <span class='ocrx_word' id='word_1_206' title='bbox 786 4347 862 4416; x_wconf 88' lang='lat' dir='ltr'><strong>patet</strong></span> <span class='ocrx_word' id='word_1_207' title='bbox 873 4342 1041 4402; x_wconf 82' lang='lat' dir='ltr'><strong>Gudterium</strong></span> <span class='ocrx_word' id='word_1_208' title='bbox 1054 4342 1189 4402; x_wconf 82' lang='lat' dir='ltr'><strong>Friderico</strong></span> <span class='ocrx_word' id='word_1_209' title='bbox 1201 4359 1287 4418; x_wconf 88' lang='lat' dir='ltr'><strong>nsque</strong></span> <span class='ocrx_word' id='word_1_210' title='bbox 1300 4343 1328 4400; x_wconf 93' lang='lat' dir='ltr'><strong>in</strong></span> <span class='ocrx_word' id='word_1_211' title='bbox 1340 4343 1517 4402; x_wconf 87' lang='lat' dir='ltr'><strong>Thautouiam</strong></span> <span class='ocrx_word' id='word_1_212' title='bbox 1527 4345 1653 4406; x_wconf 82' lang='lat' dir='ltr'><strong>comitem</strong></span> 
     </span>
     <span class='ocr_line' id='line_1_26' title="bbox 246 4435 1655 4516; baseline 0.006 -22"><span class='ocrx_word' id='word_1_213' title='bbox 246 4435 372 4498; x_wconf 77' lang='lat' dir='ltr'><strong>adlniasa</strong></span> <span class='ocrx_word' id='word_1_214' title='bbox 386 4439 538 4497; x_wconf 74' lang='lat' dir='ltr'><strong>barnardus</strong></span> <span class='ocrx_word' id='word_1_215' title='bbox 550 4455 599 4497; x_wconf 86' lang='lat' dir='ltr'><strong>son</strong></span> <span class='ocrx_word' id='word_1_216' title='bbox 609 4439 701 4514; x_wconf 90' lang='lat' dir='ltr'><strong>potius</strong></span> <span class='ocrx_word' id='word_1_217' title='bbox 713 4439 846 4498; x_wconf 73' lang='lat' dir='ltr'><strong>berardus</strong></span> <span class='ocrx_word' id='word_1_218' title='bbox 856 4441 969 4499; x_wconf 88' lang='lat' dir='ltr'><strong>Gentilis</strong></span> <span class='ocrx_word' id='word_1_219' title='bbox 986 4455 1017 4498; x_wconf 89' lang='lat' dir='ltr'><strong>se</strong></span> <span class='ocrx_word' id='word_1_220' title='bbox 1030 4446 1156 4514; x_wconf 72' lang='lat' dir='ltr'><strong>unquam</strong></span> <span class='ocrx_word' id='word_1_221' title='bbox 1167 4457 1251 4498; x_wconf 83' lang='lat' dir='ltr'><strong>comat</strong></span> <span class='ocrx_word' id='word_1_222' title='bbox 1265 4441 1370 4510; x_wconf 80' lang='lat' dir='ltr'><strong>Nerati,</strong></span> <span class='ocrx_word' id='word_1_223' title='bbox 1384 4442 1541 4516; x_wconf 75' lang='lat' dir='ltr'><strong>capitonem</strong></span> <span class='ocrx_word' id='word_1_224' title='bbox 1553 4449 1579 4500; x_wconf 85' lang='lat' dir='ltr'><strong>at</strong></span> <span class='ocrx_word' id='word_1_225' title='bbox 1590 4459 1655 4502; x_wconf 82' lang='lat' dir='ltr'><strong>me-</strong></span> 
     </span>
     <span class='ocr_line' id='line_1_27' title="bbox 245 4535 1654 4618; baseline 0.006 -26"><span class='ocrx_word' id='word_1_226' title='bbox 245 4535 331 4606; x_wconf 65' lang='lat' dir='ltr'><strong>ptus</strong></span> <span class='ocrx_word' id='word_1_227' title='bbox 342 4537 449 4611; x_wconf 69' lang='lat' dir='ltr'><strong>jutitia</strong></span> <span class='ocrx_word' id='word_1_228' title='bbox 461 4536 560 4612; x_wconf 81' lang='lat' dir='ltr'><strong>Apulia</strong></span> <span class='ocrx_word' id='word_1_229' title='bbox 570 4545 598 4594; x_wconf 88' lang='lat' dir='ltr'><strong>at</strong></span> <span class='ocrx_word' id='word_1_230' title='bbox 617 4537 696 4596; x_wconf 74' lang='lat' dir='ltr'><strong>rma</strong></span> <span class='ocrx_word' id='word_1_231' title='bbox 707 4537 831 4610; x_wconf 65' lang='lat' dir='ltr'><strong>bodoma,</strong></span> <span class='ocrx_word' id='word_1_232' title='bbox 845 4537 992 4596; x_wconf 86' lang='lat' dir='ltr'><strong>subscribit</strong></span> <span class='ocrx_word' id='word_1_233' title='bbox 1007 4539 1035 4596; x_wconf 92' lang='lat' dir='ltr'><strong>in</strong></span> <span class='ocrx_word' id='word_1_234' title='bbox 1049 4537 1163 4612; x_wconf 86' lang='lat' dir='ltr'><strong>quadam</strong></span> <span class='ocrx_word' id='word_1_235' title='bbox 1177 4537 1318 4596; x_wconf 86' lang='lat' dir='ltr'><strong>donatione</strong></span> <span class='ocrx_word' id='word_1_236' title='bbox 1330 4537 1399 4598; x_wconf 84' lang='lat' dir='ltr'><strong>lacta</strong></span> <span class='ocrx_word' id='word_1_237' title='bbox 1410 4537 1502 4596; x_wconf 88' lang='lat' dir='ltr'><strong>abbati</strong></span> <span class='ocrx_word' id='word_1_238' title='bbox 1518 4539 1654 4618; x_wconf 88' lang='lat' dir='ltr'><strong>Neritoni,</strong></span> 
     </span>
    </p>
   </div>
   <div class='ocr_carea' id='block_1_11' title="bbox 247 4635 1655 4809">
    <p class='ocr_par' dir='ltr' id='par_1_11' title="bbox 247 4635 1655 4809">
     <span class='ocr_line' id='line_1_28' title="bbox 247 4635 1655 4711; baseline 0.009 -23"><span class='ocrx_word' id='word_1_239' title='bbox 247 4647 318 4690; x_wconf 91' lang='lat' dir='ltr'><strong>anno</strong></span> <span class='ocrx_word' id='word_1_240' title='bbox 334 4635 414 4706; x_wconf 76' lang='lat' dir='ltr'><strong>ttt&#39;l,</strong></span> <span class='ocrx_word' id='word_1_241' title='bbox 428 4651 521 4694; x_wconf 87' lang='lat' dir='ltr'><strong>mense</strong></span> <span class='ocrx_word' id='word_1_242' title='bbox 535 4641 658 4710; x_wconf 76' lang='lat' dir='ltr'><strong>augodo,</strong></span> <span class='ocrx_word' id='word_1_243' title='bbox 671 4635 764 4694; x_wconf 86' lang='lat' dir='ltr'><strong>indict</strong></span> <span class='ocrx_word' id='word_1_244' title='bbox 778 4637 809 4708; x_wconf 77' lang='lat'><strong>53</strong></span> <span class='ocrx_word' id='word_1_245' title='bbox 825 4653 904 4711; x_wconf 90' lang='lat' dir='ltr'><strong>quam</strong></span> <span class='ocrx_word' id='word_1_246' title='bbox 917 4637 997 4696; x_wconf 85' lang='lat' dir='ltr'><strong>oliam</strong></span> <span class='ocrx_word' id='word_1_247' title='bbox 1014 4635 1175 4696; x_wconf 81' lang='lat' dir='ltr'><strong>confirmant</strong></span> <span class='ocrx_word' id='word_1_248' title='bbox 1184 4635 1316 4696; x_wconf 81' lang='lat' dir='ltr'><strong>liebertus</strong></span> <span class='ocrx_word' id='word_1_249' title='bbox 1327 4643 1356 4696; x_wconf 88' lang='lat' dir='ltr'><strong>at</strong></span> <span class='ocrx_word' id='word_1_250' title='bbox 1368 4635 1522 4699; x_wconf 82' lang='lat' dir='ltr'><strong>(inalterius</strong></span> <span class='ocrx_word' id='word_1_251' title='bbox 1533 4639 1655 4702; x_wconf 85' lang='lat' dir='ltr'><strong>Gentilis.</strong></span> 
     </span>
     <span class='ocr_line' id='line_1_29' title="bbox 247 4727 839 4809; baseline 0.01 -23"><span class='ocrx_word' id='word_1_252' title='bbox 247 4727 286 4785; x_wconf 85' lang='lat' dir='ltr'><strong>Gi.</strong></span> <span class='ocrx_word' id='word_1_253' title='bbox 296 4729 437 4804; x_wconf 79' lang='lat' dir='ltr'><strong>Usamus,</strong></span> <span class='ocrx_word' id='word_1_254' title='bbox 450 4731 518 4791; x_wconf 86' lang='lat' dir='ltr'><strong>ltnl.</strong></span> <span class='ocrx_word' id='word_1_255' title='bbox 530 4749 624 4804; x_wconf 75' lang='lat' dir='ltr'><strong>mora,</strong></span> <span class='ocrx_word' id='word_1_256' title='bbox 642 4740 662 4791; x_wconf 90' lang='lat' dir='ltr'><strong>t.</strong></span> <span class='ocrx_word' id='word_1_257' title='bbox 678 4733 720 4806; x_wconf 86' lang='lat' dir='ltr'><strong>X,</strong></span> <span class='ocrx_word' id='word_1_258' title='bbox 733 4751 761 4809; x_wconf 91' lang='lat' dir='ltr'><strong>p.</strong></span> <span class='ocrx_word' id='word_1_259' title='bbox 777 4737 839 4793; x_wconf 78' lang='lat'><strong>299.</strong></span> 
     </span>
    </p>
   </div>
   <div class='ocr_carea' id='block_1_12' title="bbox 0 0 2214 5972">
    <p class='ocr_par' dir='ltr' id='par_1_12' title="bbox 0 0 2214 5972">
     <span class='ocr_line' id='line_1_30' title="bbox 0 0 2214 5972; baseline 0 0"><span class='ocrx_word' id='word_1_260' title='bbox 0 0 2214 5972; x_wconf 95' lang='lat' dir='ltr'><strong> </strong></span> 
     </span>
    </p>
   </div>
  </div>
 </body>
</html>
