4378 5954
508 505 566 568 122
1005 507 1218 572 Fnrosntct
1243 511 1417 572 securior
1725 508 1808 590 [Aust.
1829 509 1915 576 12⁰6.

505 663 584 712 rum
608 639 760 714 felicium
785 663 905 736 regum
930 642 1235 738 praedecessorum
1263 655 1477 736 nostrorum,
1496 643 1542 718 de
1565 645 1666 720 solite
1683 646 1918 722 munificentie

506 775 621 838 nostre
638 764 764 860 gratia,
783 764 829 840 ad
845 787 966 862 preces
982 768 1129 864 predicti
1144 767 1300 863 magistri
1318 767 1458 842 Gerardi
1477 789 1582 863 quem
1600 769 1683 842 setis
1700 768 1748 842 ad
1765 770 1918 844 officinm

504 889 743 986 hospitalitatis
759 900 793 964 et
815 892 861 966 ad
886 894 1192 968 remeliorationem
1214 895 1385 970 bonorum
1403 893 1514 990 ipsius
1529 893 1655 968 domus
1672 905 1869 991 promptum
1884 905 1919 970 et

505 1016 626 1088 utilem
650 1017 838 1089 manifestis
861 1017 1025 1114 operibus
1048 1040 1124 1092 esse
1143 1019 1386 1116 probavimus,
1410 1039 1473 1113 per
1494 1027 1686 1112 presentem
1707 1018 1919 1098 auctoritatis

505 1151 620 1214 nostre
638 1142 801 1236 paginam
818 1143 1050 1215 concessimus
1078 1144 1145 1240 ipsi
1170 1143 1290 1216 domni
1313 1153 1347 1216 et
1371 1142 1515 1215 ecclesie
1535 1145 1659 1216 Sancte
1681 1143 1855 1224 Trinitatis
1873 1143 1920 1218 de

503 1266 671 1339 Panormo
689 1276 724 1338 et
739 1267 775 1338 in
797 1279 999 1363 perpetuum
1015 1267 1221 1342 donavimus
1239 1269 1380 1342 barcam
1399 1290 1502 1340 unam
1522 1267 1569 1343 ad
1588 1287 1690 1340 usum
1708 1267 1864 1362 piscandi
1880 1268 1917 1338 in

503 1391 589 1464 mari
616 1400 650 1464 et
673 1390 708 1462 in
730 1401 831 1488 portu
850 1393 998 1466 civitatis
1020 1403 1135 1466 nostre
1151 1393 1327 1482 Panormi,
1345 1393 1454 1466 libere
1476 1401 1511 1466 et
1527 1392 1604 1466 sine
1621 1393 1739 1486 aliquo
1759 1392 1918 1484 jureseu

504 1515 661 1604 datione,
685 1524 754 1589 tam
778 1516 824 1590 ad
847 1539 935 1612 opos
957 1519 1166 1590 confratrum
1194 1527 1229 1591 et
1254 1517 1434 1590 bominum
1453 1517 1564 1612 ipsius
1581 1517 1726 1592 ecclesie
1750 1537 1855 1611 quam
1870 1517 1918 1592 ad

501 1641 605 1714 aliam
624 1641 805 1716 utilitatem
823 1642 953 1717 exinde
977 1643 1183 1718 faciendam.
1209 1646 1404 1718 statuentes
1428 1652 1463 1718 et
1486 1641 1630 1718 firmiter
1656 1641 1860 1716 mandentes
1879 1649 1920 1713 ut

503 1764 628 1840 amodo
647 1767 763 1840 nullus
782 1776 955 1858 secretus,
974 1769 1194 1864 portulanus,
1213 1770 1402 1842 cabellotus
1421 1790 1485 1841 seu
1503 1767 1648 1863 quilibet
1662 1767 1753 1840 alius
1769 1766 1836 1863 ipsi
1856 1788 1918 1840 ec-

503 1889 619 1981 clesie,
631 1891 795 1984 magistro
812 1891 868 1964 vel
885 1892 1112 1966 confratribus
1131 1893 1167 1965 in
1182 1893 1454 1966 camanentibus
1471 1893 1527 1966 vel
1545 1890 1745 1964 homiuibus
1761 1891 1819 1962 vel
1837 1911 1918 1962 ma-

502 2015 639 2088 rinariis
659 2015 721 2110 qni
744 2016 781 2087 in
809 2014 912 2089 barca
939 2017 1014 2112 ipsa
1039 2018 1166 2092 fuerint
1189 2017 1235 2091 ad
1259 2017 1464 2114 piscandum
1489 2015 1625 2100 statuti,
1645 2015 1835 2088 molestiam
1860 2014 1918 2088 rel

501 2139 700 2212 violentiam
718 2139 870 2235 aliquam
887 2141 1067 2214 occasione
1079 2142 1169 2234 juris
1185 2135 1298 2216 doarie
1315 2151 1429 2216 nostre
1452 2141 1599 2236 piscium
1617 2139 1760 2232 inferat,
1780 2139 1838 2214 vel
1855 2159 1918 2236 per

502 2263 678 2338 dationem
695 2265 847 2359 aliquam
860 2265 1001 2338 faticare
1012 2275 1204 2362 presumat;
1219 2265 1282 2339 sed
1298 2275 1369 2339 mm
1383 2265 1522 2337 barcam
1535 2263 1645 2358 ipsam
1658 2283 1764 2358 quam
1778 2283 1916 2334 omnem

501 2397 679 2484 capturam
698 2387 865 2485 piscium,
890 2369 975 2462 retia
1003 2389 1107 2463 etiam
1131 2400 1167 2462 et
1188 2409 1308 2462 omues
1326 2397 1513 2484 apparatus
1529 2388 1632 2460 beroe
1651 2387 1687 2458 in
1710 2386 1796 2460 mari
1821 2395 1856 2459 et
1880 2385 1916 2456 in

499 2523 601 2606 terra,
616 2514 776 2589 intrando
794 2523 829 2588 et
845 2513 1022 2606 exeundo,
1043 2513 1198 2611 predicta
1214 2513 1360 2588 ecclesia
1377 2535 1457 2586 cum
1472 2511 1567 2586 omui
1577 2514 1657 2606 Jure
1672 2510 1769 2606 quod
1786 2508 1917 2584 exinde

497 2637 545 2712 ad
563 2637 711 2714 duanam
726 2649 877 2714 nostram
891 2640 1063 2736 pertinere
1077 2649 1211 2734 posset,
1225 2639 1334 2713 libere
1351 2647 1386 2712 et
1401 2638 1438 2710 in
1453 2659 1539 2734 pace
1552 2635 1726 2733 possideat
1740 2641 1776 2708 et
1790 2633 1917 2708 hebeat

495 2771 530 2834 et
547 2765 643 2836 omui
662 2774 818 2861 tempore
834 2763 909 2837 sine
926 2763 1110 2858 quuslibet
1127 2763 1398 2836 contradictione
1423 2763 1636 2837 voluntatem
1665 2781 1764 2832 suam
1787 2757 1917 2832 exinde

497 2887 608 2960 fauere
627 2889 747 2984 possit.
764 2888 819 2962 Ad
842 2888 947 2980 hujus
970 2897 1087 2961 autem
1115 2887 1349 2961 concessionis
1370 2896 1405 2960 et
1431 2885 1627 2960 donationis
1644 2893 1759 2958 nostre
1785 2903 1915 2956 memo-

497 3013 584 3086 riam
601 3021 636 3085 et
651 3011 848 3086 firmitatem
862 3025 1027 3109 perpetuo
1043 3011 1260 3106 dmaturam,
1273 3034 1412 3109 presens
1423 3011 1643 3108 privilegium
1661 3008 1767 3082 scribi
1781 3018 1815 3082 et
1829 3005 1916 3082 illud

497 3137 686 3232 majestatis
704 3145 821 3212 nostre
838 3137 1130 3233 sigillojussimus
1148 3136 1375 3230 communiri,
1395 3157 1505 3228 anuo,
1525 3153 1644 3208 mense
1670 3143 1704 3208 et
1728 3131 1918 3206 indictione

497 3264 720 3362 subscriptis.

548 3391 674 3462 Datum
697 3390 734 3461 in
758 3390 844 3464 urbe
866 3389 955 3464 felici
976 3388 1152 3482 Panormi,
1173 3410 1265 3474 anno
1283 3386 1456 3462 dominice
1474 3384 1719 3460 incarnationis
1736 3381 1919 3456 millesimo

502 3513 739 3588 ducentesimo
751 3523 871 3605 sexto,
891 3535 1009 3588 mense
1027 3513 1230 3610 septembris
1246 3511 1312 3610 (t),
1330 3511 1464 3586 decime
1481 3509 1697 3603 indictionis,
1717 3507 1817 3602 regni
1835 3528 1919 3582 vero

502 3637 635 3712 domini
652 3639 760 3712 nostri
777 3637 941 3712 Friderici
958 3638 1020 3710 Dei
1038 3638 1150 3733 gratia
1167 3637 1387 3712 illustrissimi
1404 3635 1496 3730 regis
1511 3635 1644 3729 Sicilie,
1661 3633 1809 3710 ducatus
1821 3628 1917 3728 Apu·

501 3762 548 3838 lie
566 3772 600 3836 et
618 3762 832 3860 principatus
850 3762 966 3861 Capue
981 3784 1073 3838 anno
1091 3785 1195 3852 nouo,
1218 3763 1372 3837 feliciter.
1393 3759 1515 3836 Amen.

745 4045 1473 4062 -w*v—=
1480 4045 1532 4053 ι·-
1539 4040 1688 4054 ...num-nn·-

308 4309 469 4365 ¹³⁰r·02·⁹⁰l
559 4296 801 4385 Innocentius
819 4319 918 4405 pepe
930 4292 1085 4377 Petrum
1098 4287 1276 4372 comitem
1292 4283 1553 4387 Celenensem,
1565 4278 1793 4390 magistrum
1808 4274 1921 4386 justi·

319 4367 344 4406 S.
355 4365 458 4418 Petrum,

307 4420 323 4462 6
337 4418 466 4462 decembris.

544 4569 580 4643 (t)
598 4569 656 4642 Sic,
669 4583 731 4625 cum
743 4583 777 4624 ex
791 4564 954 4638 autographo
966 4559 1132 4637 privilegium
1144 4555 1336 4630 transcriptum
1345 4569 1406 4614 esse
1414 4551 1563 4628 Moogitore
1577 4553 1693 4610 moneat.
1703 4547 1734 4608 ln
1745 4550 1918 4605 testamen

508 4683 628 4734 mensem
640 4663 799 4724 decembrem
812 4669 895 4722 naut.
