4334 5980
527 513 587 578 238
1028 511 1242 575 FltlllElllGl
1267 509 1441 572 securint
1746 507 1833 588 [hu.
1848 507 1939 570 121&

530 651 587 724 tiis
598 647 812 746 prediorum,
830 645 1077 744 mancipiorum
1099 657 1134 722 et
1151 647 1376 744 pecuniarum
1402 666 1465 720 seu
1488 643 1694 720 decursibus
1717 665 1887 740 aquarum
1902 653 1939 718 et

530 793 829 869 quarumcumque
849 793 963 846 rerum
981 793 1028 846 ex
1051 780 1122 846 toto
1142 794 1247 868 super
1260 773 1367 846 altare
1387 771 1511 844 Sancte
1526 768 1634 842 liaris
1652 767 1860 860 reddidisse,
1876 767 1937 842 de·

531 899 684 990 legasse,
704 895 955 970 contradidisse
978 896 1124 970 Domino
1145 897 1217 970 lieo
1239 905 1274 970 et
1297 896 1420 968 &nete
1441 893 1566 982 Maria,
1590 901 1708 966 sande
1727 893 1828 966 Petro
1851 913 1938 988 apo-

530 1021 617 1094 stolo
633 1029 822 1116 sanctoque
835 1020 974 1094 Nicolau
990 1030 1025 1093 et
1042 1031 1161 1094 sancto
1178 1019 1364 1094 Benedicto
1385 1018 1572 1092 confessori
1592 1017 1627 1088 in
1645 1017 1887 1114 proprietatem
1903 1027 1938 1090 et

530 1153 748 1241 potestatem,
771 1153 806 1218 et
830 1145 976 1240 predicti
998 1145 1196 1220 monasterii
1217 1155 1300 1218 tunc
1322 1145 1409 1242 patri
1432 1141 1628 1216 hdilhclmo
1641 1143 1787 1236 ejusque
1803 1161 1938 1214 succ*

530 1269 667 1342 soribus
683 1269 720 1340 iu
741 1269 999 1363 dispositionem
1017 1269 1161 1342 liberam
1178 1267 1454 1362 monasterioque
1466 1265 1710 1357 ueoessariam,
1728 1275 1765 1338 et
1780 1265 1939 1338 iratribus

530 1395 600 1467 Deo
628 1393 694 1466 sub
723 1393 912 1466 monastiea
940 1394 1061 1488 regula
1090 1393 1269 1466 servituris
1296 1393 1343 1468 ad
1368 1391 1562 1466 utilitatem.
1587 1391 1630 1464 llt
1654 1399 1694 1462 ut
1715 1410 1937 1484 nunquama

530 1517 685 1613 cognatis
707 1518 781 1590 suis
799 1517 856 1590 vel
882 1517 928 1590 ab
951 1517 1126 1612 aliquibus
1148 1517 1210 1590 Dei
1236 1516 1416 1591 servitium
1436 1515 1506 1588 illic
1528 1513 1659 1588 destrui
1681 1516 1807 1610 possit,
1833 1511 1938 1608 regali

532 1643 713 1740 privilagio
741 1641 956 1714 firmavimus
983 1642 1228 1715 monasterium
1255 1663 1336 1716 cum
1361 1640 1525 1714 omuibus
1552 1639 1625 1712 suis
1655 1639 1867 1734 pertinentiis
1896 1660 1941 1711 ne

443 1787 448 1802 ¹
533 1767 736 1860 subjiciatur
753 1765 840 1861 jugo
864 1765 1012 1858 alicujus
1036 1775 1168 1840 tanam
1191 1767 1385 1862 potestatis,
1406 1763 1470 1838 sed
1488 1764 1595 1838 solius
1620 1765 1725 1859 patris
1745 1763 1939 1838 monasterii

534 1889 776 1980 dominationi,
798 1889 973 1985 potestati,
997 1887 1225 1982 ordinationi;
1247 1897 1283 1962 et
1302 1889 1353 1960 sic
1367 1909 1505 1986 semper
1520 1886 1769 1960 mundiburdio
1791 1897 1827 1960 ct
1846 1889 1940 1981 regia

536 2015 711 2106 majestate
728 2035 888 2086 securum
909 2014 1102 2112 stabiliatur
1119 2035 1161 2088 ac
1178 2013 1395 2088 defendetur.
1416 2013 1536 2108 ltaque
1552 2012 1583 2084 si
1598 2011 1787 2084 advocatus
1805 2012 1862 2084 vel
1878 2013 1941 2085 uli·

536 2135 725 2230 quisalius,
737 2133 833 2229 quod
843 2133 946 2226 absit,
960 2135 1077 2228 aliqua
1093 2135 1282 2210 temeritate
1296 2136 1352 2208 vel
1370 2135 1557 2230 pertinacia
1571 2155 1680 2229 prave
1701 2133 1865 2208 inductus
1879 2157 1943 2208 su-

538 2257 730 2355 pradictum
746 2258 993 2332 monasterium
1013 2259 1215 2352 iuquietare,
1229 2261 1422 2349 molestare,
1437 2259 1619 2334 disvestire
1637 2259 1784 2334 ulterius
1799 2258 1939 2348 audeat,

536 2383 717 2455 obsecrant
735 2383 854 2454 iratres
871 2392 906 2454 et
923 2383 1036 2455 omnis
1061 2383 1206 2458 ecclesia
1227 2383 1395 2458 catholica
1412 2393 1448 2458 et
1463 2385 1604 2457 omnino
1625 2383 1851 2458 testificantur
1866 2405 1944 2479 pre-

537 2507 715 2582 cedentem
728 2506 818 2580 hauc
834 2517 949 2580 nostre
964 2507 1152 2600 majestatis
1165 2507 1341 2604 paginam,
1360 2508 1586 2602 apostolicum
1602 2517 1636 2582 et
1653 2507 1943 2582 constantiensem

537 2633 708 2729 presulem
726 2640 760 2704 et
778 2632 873 2702 illum
889 2631 1075 2706 antistitem
1092 2631 1139 2706 ad
1157 2634 1259 2725 eujus
1276 2631 1429 2706 diocesin
1443 2632 1519 2727 ipse
1535 2631 1696 2728 pertinax
1709 2633 1867 2728 pertinet,
1884 2654 1945 2727 per

537 2757 708 2830 Christum
731 2765 765 2828 et
789 2777 851 2850 por
872 2757 1030 2830 Sanctam
1048 2757 1192 2830 Mariam
1213 2765 1248 2828 et
1270 2777 1332 2852 per
1353 2765 1510 2830 sanetum
1534 2757 1672 2828 Petrum
1695 2755 1888 2852 apostolum
1911 2765 1947 2828 et

540 2903 601 2978 per
614 2901 735 2954 omnes
747 2889 883 2952 sanctos
899 2881 960 2954 Dei
975 2889 1010 2954 et
1027 2901 1088 2976 per
1102 2881 1271 2954 tremendi
1283 2879 1407 2974 judicii
1425 2879 1532 2970 diem,
1549 2881 1697 2952 utillum
1714 2881 1774 2954 Dei
1794 2889 1829 2952 et
1846 2900 1945 2952 sanc·

541 3017 652 3078 torum
673 3005 748 3096 ejus
767 3013 1035 3098 contemptorem
1054 3015 1090 3078 et
1114 3005 1366 3078 testamentoria
1388 3004 1493 3097 huJus
1517 3005 1776 3099 conscriptionis
1791 3005 1945 3078 destruc·

541 3141 667 3220 torem,
689 3127 757 3200 uisi
771 3129 972 3224 resipuerit,
991 3128 1127 3228 tradant
1144 3129 1286 3204 omniuo
1303 3129 1453 3202 Satbaue
1465 3137 1501 3202 et
1517 3129 1802 3202 anathematizent
1818 3137 1854 3202 at
1869 3147 1947 3223 pro·

542 3253 657 3326 sanent
670 3273 752 3325 eum
769 3274 791 3325 a
808 3253 1025 3326 consortibus
1038 3262 1073 3328 et
1088 3251 1169 3326 tiliis
1185 3253 1337 3326 Ecclesia
1352 3253 1416 3326 Dei
1433 3263 1468 3328 et
1480 3252 1670 3326 heredibus
1684 3253 1755 3326 vite
1769 3261 1897 3344 eteme,
1913 3263 1949 3325 ct

543 3376 633 3448 utin
656 3377 750 3450 omni
773 3377 1014 3470 congressione
1031 3377 1113 3451 belli
1134 3377 1248 3450 nullas
1267 3377 1361 3452 vires
1380 3377 1580 3472 nullamque
1599 3377 1636 3448 iu
1660 3377 1732 3450 vita
1751 3397 1815 3450 sua
1839 3377 1946 3450 vieto·

544 3499 629 3572 riam
646 3500 815 3594 obtineat,
837 3511 872 3576 et
889 3511 930 3574 ut
944 3501 1077 3576 auferat
1097 3503 1190 3576 Deus
1207 3501 1410 3576 memoriam
1432 3501 1525 3574 illius
1543 3500 1589 3575 de
1604 3509 1692 3576 terra
1708 3500 1899 3576 viventium
1913 3509 1949 3574 et

544 3620 657 3696 deleat
679 3644 803 3698 nomen
829 3625 905 3716 ejus
927 3626 972 3699 de
995 3625 1081 3698 libro
1098 3625 1186 3718 vite,
1205 3633 1239 3724 et
1254 3635 1294 3698 ut
1310 3647 1389 3698 cum
1406 3625 1539 3698 Datban
1555 3633 1590 3699 et
1607 3624 1738 3698 Abirun
1755 3646 1845 3720 quos
1861 3634 1949 3698 terra

545 3753 662 3840 aperto
678 3765 737 3818 ore
753 3745 938 3840 deglutivit
953 3757 989 3820 et
1005 3747 1043 3818 in
1064 3769 1104 3820 os
1119 3747 1241 3820 interni
1261 3747 1455 3836 absorbuit,
1477 3767 1663 3844 perunum
1680 3748 1832 3822 incurrat
1845 3748 1950 3822 dum-

546 3868 731 3942 nationem.
753 3870 897 3964 lusuper
919 3872 955 3942 in
979 3869 1101 3944 Qum
1123 3871 1215 3964 regis
1239 3871 1494 3968 quinquaginta
1515 3872 1622 3946 libres
1642 3871 1719 3946 auri
1740 3881 1775 3944 et
1796 3871 1950 3969 predicto

545 3993 751 4068 monasterio
768 3993 924 4068 similiter
940 3995 966 4066 L
983 3994 1088 4068 libras
1111 3995 1188 4068 auri
1204 3996 1378 4092 persolvat
1394 4005 1430 4070 et
1447 3995 1484 4068 iu
1501 3996 1581 4070 aula
1599 3995 1694 4090 regia
1711 3997 1833 4070 merito
1848 3995 1951 4068 liber·

546 4126 650 4192 tatem
663 4118 808 4192 amittat.
828 4117 885 4192 Ad
900 4119 966 4194 hec
978 4117 1178 4210 adjicientes
1200 4119 1372 4218 saucirmm
1389 4129 1428 4192 ut
1441 4119 1637 4195 nullatcnus
1654 4119 1758 4194 alicui
1774 4119 1952 4194 bominum

546 4242 591 4315 sit
611 4241 743 4314 licitum
761 4243 1037 4316 commissionem
1055 4241 1238 4316 advocatie
1256 4243 1313 4316 vel
1342 4243 1377 4316 in
1396 4243 1538 4338 pignore
1561 4264 1690 4340 ponere
1708 4243 1765 4316 vel
1786 4241 1890 4316 alicui
1915 4242 1952 4316 iu

547 4365 648 4441 feodo
672 4368 838 4440 conterre.
864 4367 1088 4442 Deoeruimus
1110 4368 1215 4442 etiam
1238 4377 1277 4440 ut
1298 4369 1492 4442 secundum
1509 4377 1636 4442 statuta
1656 4367 1807 4442 lleinrici
1824 4369 1869 4442 lll
1886 4367 1952 4440 llo·

549 4509 727 4562 manorum
747 4491 959 4587 imperatoris
980 4493 1140 4588 augusti,
1159 4492 1305 4588 siugulis
1328 4495 1428 4566 anuis
1448 4494 1484 4566 in
1500 4491 1764 4590 quadragesima
1783 4491 1830 4566 ad
1848 4492 1953 4565 altare

547 4615 656 4688 sancti
673 4615 762 4688 Petri
784 4637 806 4690 a
823 4626 919 4712 patre
935 4617 1133 4694 monasterii
1155 4637 1282 4692 aureus
1300 4639 1465 4693 nummus
1482 4617 1646 4716 ponderis
1663 4617 1857 4692 Turicensia
1878 4637 1955 4690 mo·
