4434 5942
742 585 938 650 HISTORIA
963 585 1254 650 urrtounrtca
1683 585 1705 648 3

289 749 379 808 cum
397 723 583 806 infantem
596 721 770 804 nondum
787 721 953 805 duorum
967 747 1156 806 annorum
1172 723 1337 805 necdum
1345 723 1460 806 etlam
1473 722 1706 834 baptizatum

291 858 332 938 In
350 883 478 968 regem
495 855 754 939 Romanorum
769 854 951 966 eligerent
965 855 1075 966 eique
1092 855 1283 940 fidelitatis
1296 855 1515 968 juramenta
1531 864 1708 966 praesta-

291 999 395 1096 rent,
425 990 525 1072 inter
555 1011 653 1099 quos
688 987 885 1097 Philippus
918 987 1110 1072 fidelitatis
1143 990 1178 1072 ei
1213 991 1398 1100 praestitit
1424 991 1701 1101 juramentum.

291 1131 398 1206 Gesta
414 1123 619 1208 iunocentii
633 1128 700 1222 III,
722 1147 808 1234 cap.
830 1122 991 1206 XIX.-
1007 1122 1074 1205 His
1091 1123 1207 1206 etiam
1225 1125 1459 1232 temporibus
1477 1133 1704 1236 procurante

291 1256 518 1365 imperatore
534 1255 678 1338 factum
696 1263 754 1342 est
770 1263 813 1338 ut
829 1253 1019 1368 principes
1037 1255 1283 1341 Alamanniae
1308 1283 1405 1366 pene
1430 1281 1564 1344 omncs
1581 1255 1702 1338 filium

289 1390 495 1512 parvulum
512 1373 632 1498 ipsIus
652 1388 777 1472 adhuc
794 1389 834 1470 in
852 1389 961 1472 cunis
976 1389 1190 1500 vagientem
1208 1399 1445 1475 assumerent
1461 1391 1501 1472 in
1518 1415 1647 1500 regem
1667 1398 1705 1472 et

292 1521 328 1604 ei
358 1521 577 1606 fidelitatem
599 1519 794 1632 jurarent,
813 1531 851 1604 et
872 1523 1016 1606 litteras
1042 1524 1090 1607 de
1116 1523 1190 1607 hcc
1220 1524 1320 1608 facto
1342 1549 1431 1608 cum
1459 1521 1594 1636 sigillis
1625 1521 1704 1604 suis

291 1656 591 1744 transmitterent
616 1655 848 1766 imperatori.
871 1655 982 1738 cora
1009 1681 1090 1740 aaa.
1115 1655 1311 1764 Uasrnnc,
1332 1655 1503 1742 chronic.
1529 1655 1580 1738 ad
1609 1681 1700 1738 ann.

297 1789 417 1898 nar,
436 1815 476 1898 p.
498 1791 592 1873 scs.

994 2045 1476 2060 homo-O

347 2303 556 2414 Imperator
587 2302 771 2387 Henricus
797 2329 918 2414 quum
950 2303 990 2385 in
1020 2303 1189 2415 quodam
1221 2289 1376 2390 nemore
1403 2303 1443 2384 in
1475 2329 1553 2413 quc
1584 2301 1708 2386 fontes
1747 2320 1916 2420 eggeba-

293 2447 402 2522 erant
431 2437 666 2548 frigidissimi
694 2438 903 2520 venationis
929 2437 1178 2522 delectaretur
1203 2435 1393 2542 exercitio,
1415 2497 1579 2518 ......
1601 2462 1708 2546 qua-

293 2571 384 2654 dam
402 2581 513 2654 nocte
529 2581 653 2655 tactus
666 2571 807 2682 frigore
829 2571 928 2654 circa
944 2571 1083 2656 festum
1102 2571 1203 2656 beati
1223 2571 1318 2655 sixti
1337 2570 1380 2680 (6
1399 2569 1568 2682 augusti)
1587 2570 1709 2680 coepit

293 2704 493 2787 infirmari.
523 2693 782 2806 Quamobrem
809 2704 925 2816 jussit
958 2731 999 2788 sc
1034 2731 1156 2816 usque
1190 2704 1394 2789 Messinam
1425 2729 1524 2814 quae
1556 2702 1708 2786 duabus

292 2837 427 2922 diaetis
440 2837 609 2923 distabat
623 2839 781 2946 defun,
797 2837 863 2925 ubi
883 2837 1084 2925 diarrhaea
1103 2837 1284 2924 laborans
1310 2837 1433 2948 pridie
1459 2847 1547 2920 ante
1568 2835 1709 2919 testum

293 2971 485 3056 Michaelis
506 2972 555 3055 de
578 2973 652 3056 boc
670 2972 823 3056 saeculo
840 2973 1019 3084 migrarit
1041 2973 1117 3084 (1).
1138 2981 1290 3082 Frcqm.
1313 2973 1446 3054 iucert.
1472 2984 1619 3054 auctor.
1641 2998 1704 3082 ap.

292 3103 453 3214 Ursus,
474 3105 663 3217 Scripter.
685 3133 765 3190 rer.
788 3113 927 3214 Germ,
946 3133 1037 3216 pars
1054 3107 1107 3214 II,
1125 3135 1165 3216 p.
1188 3109 1254 3191 86.
1271 3154 1326 3169 -
1343 3105 1541 3189 Heinricus
1557 3105 1608 3190 VI
1624 3105 1708 3186 im·-

292 3249 444 3346 perator
457 3239 551 3323 obiit
567 3240 670 3348 apud
683 3240 897 3326 Messanam
912 3239 1047 3324 urbem
1064 3239 1243 3350 Apuliae,
1258 3239 1308 3323 IV
1324 3239 1508 3324 kalendas
1527 3237 1705 3324 octobris.

293 3371 437 3453 Contio.
466 3375 633 3454 tament.
663 3375 713 3456 ad
740 3399 831 3456 ann.
864 3375 1413 3484 1197,ap.Prarz,Monam.
1441 3381 1560 3456 Germ.
1592 3373 1706 3480 Hist,

292 3510 322 3584 t.
347 3501 418 3609 XI,
439 3532 479 3615 p.
505 3507 598 3588 588.
618 3507 832 3592 -Iterum
862 3507 965 3592 venit
994 3507 1200 3618 Imperator
1230 3505 1269 3587 in
1301 3531 1464 3618 regnum
1491 3515 1528 3590 et
1553 3505 1708 3590 tandem

290 3638 394 3746 apud
412 3639 638 3748 Messanam,
654 3651 852 3751 praesente
869 3642 1123 3753 imperatrice,
1133 3642 1236 3726 dlem
1252 3641 1388 3726 clausit
1404 3650 1616 3726 extremum
1627 3639 1703 3752 (2).

290 3777 385 3852 dest.
402 3777 586 3854 innocent.
608 3780 675 3874 III,
698 3801 783 3888 cap.
800 3777 882 3859 XX.

276 4113 284 4126 ,
326 4035 363 4110 (t)
382 4037 545 4097 Testamenti
557 4042 629 4114 quod
640 4043 771 4102 tierricus
782 4051 876 4104 sextus
889 4043 1041 4102 condidisse
1051 4043 1137 4102 iertur
1147 4043 1327 4116 fragmentum
1339 4047 1412 4098 extat
1421 4041 1449 4098 in
1461 4041 1636 4102 Gestlnuoc.
1646 4041 1703 4112 111,

288 4149 334 4208 ap.
347 4135 512 4208 Itumrour,
527 4138 643 4212 scripu,
655 4142 701 4211 ΙΙΙ,
715 4144 1043 4216 teneraetenerae,
1058 4142 1158 4202 turcl.
1171 4141 1271 4212 recte,
1286 4149 1308 4200 t.
1323 4141 1400 4212 XIX,
1415 4139 1449 4198 ad
1459 4155 1523 4198 ann.
1538 4141 1618 4196 rrsr.

325 4230 362 4305 (2)
383 4253 397 4288 ι
412 4235 476 4294 Post
486 4236 564 4308 cujus
576 4237 725 4299 obium...
740 4240 909 4300 Murcualdus
920 4241 969 4314 (de
981 4241 1126 4312 truciter,
1140 4240 1326 4312 senescalcus,
1340 4237 1460 4296 marchio
1473 4237 1598 4294 Anconae
1609 4241 1637 4292 et
1649 4235 1703 4292 dux

290 4346 305 4382 a
320 4327 476 4404 Ravennae)
492 4335 606 4392 accesit
617 4336 644 4392 ia
657 4337 815 4410 biarchiam,
828 4338 965 4398 Conradus
979 4339 1021 4414 (de
1035 4339 1185 4412 Urstingen,
1200 4339 1253 4395 dux
1265 4337 1375 4412 Spoletit
1388 4336 1467 4393 rediit
1477 4334 1505 4392 in
1517 4334 1644 4390 ducatum
1646 4371 1702 4392 .....

290 4424 516 4488 »Itemanserunt
533 4439 624 4490 autem
642 4433 671 4490 in
685 4451 767 4508 regno
789 4436 870 4509 aliqui
893 4437 927 4494 de
947 4437 1100 4494 Teutonicis
1116 4454 1124 4491 r
1139 4437 1167 4492 ta
1186 4435 1276 4492 Sicilia
1294 4433 1450 4492 Guillelmus
1466 4433 1652 4508 capparonus,
1675 4431 1704 4488 iu

291 4539 306 4574 ²
321 4521 443 4583 &lebria
456 4523 606 4589 Iridsricus
620 4531 744 4607 (unua),
760 4533 788 4590 in
801 4534 897 4607 Apulia
910 4540 938 4592 et
950 4541 1022 4592 terre
1035 4533 1145 4592 Laboris
1156 4532 1304 4607 DIopuldus
1319 4530 1451 4606 (murchin
1463 4529 1498 4588 de
1513 4527 1643 4604 Vobburg
1655 4545 1704 4588 seu

288 4637 308 4773 p
321 4621 484 4698 tiobsnburg
504 4631 532 4683 et
553 4629 714 4690 Acerrarum
735 4633 840 4704 comes)
859 4638 888 4691 et
910 4632 1027 4690 lautores
1048 4631 1147 4706 Ipsius,
1167 4631 1264 4689 nutas
1277 4628 1438 4688 munitiones
1453 4633 1610 4688 tenentes.»
1630 4628 1702 4688 ece.

304 4731 383 4778 unm.
401 4720 459 4793 111,
480 4737 539 4800 cap.
554 4725 619 4784 XX.
