4378 5954
269 631 371 702 lenter.
389 629 455 710 ll.]
724 628 923 692 HISTORIA
947 625 1240 690 oratonartca
1628 623 1686 684 133

272 786 423 861 sponsus
439 761 591 837 claritate
607 763 828 859 conspicuus,
845 763 935 836 sicut
951 761 996 836 de
1010 763 1076 836 sibi
1091 761 1231 858 paribus
1246 759 1410 856 scriptum
1423 765 1475 831 est
1489 758 1681 832 cesaribus:

276 889 421 962 «Virtus
432 888 575 984 contigit
585 897 665 960 ante
679 887 809 978 diem,r
821 887 866 962 de
877 891 986 982 janua
994 886 1185 984 pubertatis
1198 907 1305 982 passu
1319 883 1483 958 velociori
1498 904 1608 956 annos
1617 882 1685 955 dis·

272 1013 433 1087 cretionis
455 1011 649 1107 ingreditur
674 1022 709 1085 et
735 1022 860 1086 etatem
889 1011 1112 1109 anticipando
1126 986 1326 1084 'virtmibus
1350 1006 1493 1081 feliciter
1519 1007 1686 1102 Quandi

273 1137 441 1234 primitias
462 1137 664 1210 mirabiliter
686 1135 879 1210 exorditur.
903 1137 1060 1232 Denique
1083 1157 1228 1232 regnum
1258 1155 1361 1208 suum
1386 1131 1489 1206 dives
1508 1141 1543 1204 et
1569 1131 1686 1205 nobile

273 1262 362 1338 inter
379 1273 491 1336 cetera
507 1261 765 1356 ragnemundi,
785 1261 970 1335 umbilicus
987 1271 1023 1334 et
1038 1269 1158 1358 portus
1172 1268 1226 1334 est
1242 1259 1407 1346 aliorum3
1428 1255 1473 1330 de
1485 1277 1556 1352 quo
1575 1265 1609 1328 et
1625 1277 1687 1352 per

271 1385 368 1481 quod
385 1395 480 1458 tanto
504 1385 567 1456 tibi
590 1387 720 1476 majora
739 1393 900 1482 poterunt
923 1385 1104 1460 commoda
1128 1383 1311 1482 provenire
1333 1389 1463 1478 quanto
1489 1380 1601 1474 magis
1626 1389 1686 1453 tuo

272 1530 379 1603 regno
397 1509 624 1604 contiguitate
637 1509 742 1582 maris
756 1519 808 1583 est
824 1509 1043 1606 pmximnm‚
1063 1508 1251 1584 stanchia
1269 1518 1386 1604 utpote
1402 1505 1574 1603 peculiare
1592 1505 1684 1579 beati

272 1633 362 1707 Petri
380 1633 522 1730 speciali
545 1634 764 1730 prerogativa
784 1633 961 1708 dilectum.
979 1631 1064 1707 Cum
1090 1633 1197 1728 igitur
1219 1631 1428 1708 venerabilis
1453 1631 1555 1704 irater
1571 1639 1686 1704 noster

273 1755 491 1832 Mazariensis
508 1757 705 1854 episcopus,
724 1758 780 1832 vir
795 1760 917 1855 utique
934 1758 1101 1857 providus
1123 1779 1165 1832 ac
1182 1757 1294 1832 tidelis
1315 1765 1349 1830 et
1371 1757 1522 1852 pensatis
1538 1755 1685 1848 siugulis

272 1881 497 1976 qualitatibus
509 1881 556 1956 ad
566 1883 743 1978 negotium
757 1884 824 1958 hoc
837 1883 997 1976 idoneus,
1007 1883 1053 1958 ad
1064 1883 1321 1979 suggestionem
1334 1881 1534 1954 nuntiorum
1548 1889 1684 1954 tuorum

272 2015 428 2080 aetnam
447 2028 508 2103 pro
519 2007 684 2102 jamdicta
700 2017 761 2082 tua
780 2030 897 2083 sorore
915 2007 1168 2084 transducenda
1188 2010 1355 2100 mittatur,
1377 2007 1615 2080 celsitudinem
1630 2029 1685 2080 re-

271 2130 365 2224 giam
383 2151 564 2205 monemus
582 2133 744 2206 attentius
772 2143 807 2208 et
827 2133 1033 2232 propensius
1057 2133 1282 2208 exhortamur
1301 2143 1474 2228 quatenus
1497 2153 1573 2205 eam
1603 2153 1683 2204 cum

270 2267 439 2351 apparatu
458 2253 593 2329 decenti
611 2265 646 2329 et
659 2255 848 2332 honorifico
864 2259 1028 2332 comitatu
1046 2279 1117 2354 quo
1134 2268 1169 2332 et
1186 2259 1274 2354 ipsa,
1294 2265 1395 2353 prout
1411 2256 1573 2330 convenit
1590 2263 1683 2327 tante

270 2399 410 2473 sponse,
423 2377 673 2454 circumornata
689 2381 852 2478 procedat
865 2391 900 2456 et
910 2405 1059 2480 sponsus
1072 2385 1147 2477 ejus
1156 2383 1314 2456 solatium
1329 2391 1520 2478 opportune
1534 2380 1683 2452 subven-

271 2501 374 2575 tionis
387 2504 546 2600 accipiat,
560 2505 696 2578 mittere
710 2527 780 2578 non
798 2515 995 2602 postponas,
1012 2529 1184 2604 expensas
1199 2529 1287 2602 quas
1305 2506 1481 2598 negotium
1501 2504 1584 2577 tanti
1603 2525 1682 2600 pro·

270 2627 380 2702 lectus
396 2639 431 2702 et
444 2629 584 2704 honoris
597 2632 754 2728 exposcit
766 2631 999 2728 aliquomodo
1017 2653 1086 2706 non
1103 2634 1250 2726 evitans,
1261 2655 1340 2706 cum
1352 2635 1424 2706 Deo
1436 2634 1525 2706 sicut
1538 2631 1683 2706 conlidi-

268 2773 349 2826 mns
365 2765 589 2850 prosperante
604 2755 666 2828 tihi
683 2756 816 2854 possint
832 2755 867 2828 in
884 2755 1071 2853 decuplum
1087 2758 1285 2830 restaurari.

317 2879 444 2952 Datum
460 2881 631 2972 laterani,
649 2881 693 2956 lV
712 2881 877 2956 kalendas
894 2881 1025 2978 martii,
1045 2905 1137 2957 anno
1149 2882 1346 2956 undecimo.

320 3470 506 3557 Dominus
523 3474 753 3586 dichemue,
773 3477 890 3562 frater
906 3479 1052 3562 domini
1065 3507 1204 3590 pupae,
1220 3481 1344 3565 iactus
1368 3493 1426 3565 est
1450 3507 1577 3567 comes
1595 3485 1675 3569 So-
1699 3503 1872 3606 {352³ng

267 3631 333 3689 rae
350 3615 387 3690 et
404 3607 590 3693 exaltatus
608 3619 646 3693 et
663 3609 823 3696 buccine
841 3613 1065 3697 vociferatus
1082 3641 1151 3724 per
1162 3617 1462 3725 protonotarium
1480 3645 1504 3701 e
1521 3619 1677 3704 domino
1740 3615 1840 3668 ¹⁸¹¹¹l¹³⁴
1871 3593 1880 3614 ’

266 3737 297 3822 F
297 3741 445 3826 ederico
470 3769 560 3854 rege
587 3743 735 3828 Siciliae
759 3769 831 3856 pro
856 3747 928 3831 hoc
951 3747 1189 3858 delegatum3
1208 3759 1246 3832 et
1270 3775 1339 3860 per
1364 3759 1487 3834 totum
1504 3753 1607 3837 diem
1625 3753 1676 3838 ibi

266 3871 446 3958 dominus
463 3903 562 3987 papa
579 3891 750 3963 moronis
767 3889 825 3963 est
843 3877 918 3992 (1).
941 3881 1113 3965 chronic.
1134 3889 1236 3966 Fors.
1257 3889 1364 3984 Noe„
1388 3912 1451 3996 ap.
1472 3887 1674 3999 Murnronr,

266 4005 427 4116 Script„
451 4017 478 4090 t.
499 4009 580 4120 VH,
599 4037 640 4121 p.
662 4012 755 4095 887.

267 4183 1673 4220 ·—-—-——-——---—-—--—--„

300 4271 338 4346 (ll
357 4273 495 4336 conradus
508 4278 542 4336 de
552 4279 652 4354 ldmley
666 4281 862 4354 Theutonicus,
876 4283 979 4344 Scrella
991 4291 1020 4342 et
1031 4286 1119 4344 ltocca
1130 4287 1208 4345 Arois
1224 4286 1326 4345 dudum
1338 4289 1453 4362 potitus,
1468 4294 1551 4346 totam
1562 4289 1674 4348 cucum-

262 4369 335 4428 circa
349 4373 515 4446 provinciam
525 4376 748 4450 depraedabatur.
758 4379 856 4439 Contra
868 4397 950 4455 quem
964 4383 1016 4440 sub
1028 4383 1130 4442 ducatu
1139 4385 1211 4444 Petri
1223 4387 1337 4446 Sanctae
1346 4387 1527 4444 Pudentianae
1537 4388 1675 4464 presbyte

263 4483 326 4526 rum
338 4469 510 4544 cardinalem,
517 4473 678 4548 Campaniae
689 4483 717 4536 et
726 4478 875 4538 Maritimae
884 4487 1027 4552 rectorem,
1037 4481 1125 4556 prium
1135 4483 1269 4556 expeditio
1278 4499 1373 4558 parom
1385 4484 1573 4558 proiecit.llox
1584 4491 1673 4544 tamen

262 4563 330 4622 Sora
343 4566 453 4639 civitas,
467 4571 566 4644 rejecto
587 4573 747 4646 gravissimo
757 4577 837 4649 jugo,
849 4577 966 4638 ltcllrido
981 4578 1134 4639 cassinensi
1147 4581 1240 4638 abbati
1257 4587 1286 4640 et
1304 4583 1435 4642 lticrardo
1448 4599 1534 4658 papae
1547 4601 1673 4658 germano

262 4678 295 4720 se
308 4665 425 4722 reddidit
437 4665 463 4742 (a
472 4669 577 4740 jmuar.
594 4672 685 4747 ⁴208).
696 4672 893 4748 compositione
911 4693 976 4736 vero
989 4678 1068 4752 inita,
1083 4680 1221 4738 Conradus
1238 4680 1297 4755 ipse
1317 4679 1447 4740 Sorellam
1465 4682 1607 4758 papalibus
1620 4692 1674 4744 tm-

261 4761 331 4820 didit
344 4763 428 4839 copiis
440 4765 481 4840 (te
497 4766 588 4842 lehn),
600 4775 628 4828 et
640 4771 716 4846 Ilugo
726 4779 855 4848 cognatus
868 4775 927 4849 ejus
939 4775 1056 4835 ltoccam
1065 4777 1142 4836 drcis
1153 4795 1261 4853 quoque
1271 4778 1381 4838 dimisit.
1394 4804 1406 4834 ι
1417 4781 1494 4852 Quod
1507 4781 1620 4842 audiens
1628 4801 1675 4842 rex
