4334 5980
992 615 995 624 ,
1036 553 1251 616 rnrnnruct
1275 551 1448 614 sscuunr
1760 550 1841 632 [aaa
1860 551 1947 616 ulo.

782 843 796 850 -
802 843 808 852 .
825 841 1732 856 W——a-—mw-—a-...n-m

424 1160 483 1244 ῥα,
586 1123 824 1206 Alamandus
851 1150 921 1232 pro
943 1125 1216 1208 communitate
1240 1126 1383 1208 lannae
1411 1153 1538 1209 comes
1565 1128 1774 1238 Syracusae
1791 1137 1828 1208 et
1846 1127 1944 1238 regis

531 1255 710 1340 Friderici
726 1256 924 1338 familiaris
943 1257 1120 1366 hospitali
1144 1258 1271 1340 Sancti
1293 1259 1475 1342 lohannis
1497 1259 1668 1344 concedit
1698 1269 1736 1342 et
1762 1260 1880 1342 donat
1904 1261 1943 1340 in

531 1389 736 1472 tenimento
755 1415 825 1472 suo
843 1389 967 1472 casale
985 1392 1089 1500 quod
1107 1390 1246 1474 dicitur
1271 1391 1413 1504 Bigene
1439 1405 1477 1476 et
1501 1394 1711 1502 quamdam
1738 1405 1877 1478 terram
1904 1393 1943 1474 in

530 1525 719 1609 vicinitate
737 1527 866 1632 sitam,
882 1535 925 1608 ut
942 1551 1026 1608 eam
1046 1524 1164 1608 libere
1182 1536 1219 1607 et
1236 1527 1363 1636 quiete
1379 1535 1505 1610 teneat
1522 1539 1560 1610 et
1575 1529 1781 1638 possideat.

607 1743 705 1818 (Edld.
720 1745 759 1804 R.
776 1743 905 1816 Pmnus,
922 1738 1001 1801 Stctl.
1018 1757 1114 1813 sacra,
1130 1747 1154 1803 t.
1171 1741 1200 1812 1·,
1217 1758 1248 1817 p.
1269 1751 1335 1801 658.
1356 1743 1508 1820 integrum
1523 1759 1594 1802 vero
1608 1759 1708 1803 rursus
1718 1744 1874 1806 cxhlhetur
1887 1743 1942 1806 ili-
2003 1727 2004 1733 ἵ

649 1847 727 1924 dem,
743 1857 767 1909 t.
783 1849 828 1920 ΙΙ,
844 1867 874 1925 p.
893 1857 966 1920 otu,
982 1855 1012 1908 et
1024 1865 1073 1926 ap.
1089 1848 1206 1921 Lumo,
1219 1845 1290 1909 ch.
1306 1845 1373 1908 lot
1389 1845 1553 1928 diplomat,
1569 1849 1690 1929 t.11‚p.
1704 1851 1807 1927 1647.)

577 2039 616 2110 ln
644 2037 783 2110 nomina
810 2048 927 2110 sancte
950 2047 984 2108 et
1010 2036 1192 2110 individue
1217 2036 1403 2110 Trinitatis.
1429 2036 1553 2110 Amen.
1581 2037 1796 2114 Alamaudus
1819 2040 1883 2114 Dei
1908 2050 1943 2114 et

520 2165 621 2256 ‘regia
645 2162 753 2256 gratia
771 2183 813 2233 ac
840 2161 1096 2235 communitatis
1113 2163 1223 2234 lanne
1245 2183 1359 2234 comes
1379 2165 1549 2258 Syracuse
1570 2173 1604 2234 et
1626 2161 1759 2236 domini
1778 2163 1869 2258 regis
1887 2165 1941 2238 sa-

528 2289 669 2360 miliaris
688 2285 752 2382 (l).
775 2287 866 2358 Inter
883 2295 994 2357 catera
1014 2307 1083 2380 quc
1102 2285 1358 2380 presidentibus
1375 2296 1409 2360 et
1428 2296 1594 2358 terrarum
1617 2287 1830 2382 principibus
1844 2310 1941 2383 mag·

524 2435 609 2484 num
629 2411 769 2484 honoris
792 2421 826 2482 et
846 2409 953 2504 glorie
973 2411 1109 2482 culmen
1128 2411 1328 2506 acquirunt,
1350 2433 1392 2484 ca
1412 2410 1625 2506 proeminent
1649 2409 1817 2504 largitatis
1837 2433 1940 2508 opera

523 2559 586 2634 per
605 2556 676 2632 que
693 2535 801 2628 gloria
817 2534 852 2604 in
873 2534 1020 2606 excelsis
1037 2556 1058 2606 a
1076 2535 1148 2606 Deo
1164 2543 1199 2605 ct
1220 2533 1256 2606 in
1275 2543 1365 2606 terra
1385 2534 1461 2606 laus
1483 2534 1529 2605 ah
1547 2533 1746 2606 hominihus
1767 2535 1859 2608 hono
1877 2558 1940 2610 vo·

523 2663 665 2736 luntatis
683 2668 917 2755 comparatur;
937 2659 1018 2754 quia
1037 2682 1117 2732 oum
1140 2668 1304 2732 terrarum
1327 2659 1501 2756 principes
1515 2659 1620 2734 sacris
1637 2660 1720 2733 locis
1737 2671 1772 2732 et
1789 2660 1940 2734 honestis

525 2788 609 2860 viris
627 2785 743 2858 celesti
761 2783 833 2876 regi
853 2784 1083 2856 servientibus
1101 2785 1145 2856 de
1164 2785 1307 2856 terrenis
1324 2784 1424 2856 honis
1442 2785 1508 2856 sihi
1528 2806 1548 2856 a
1565 2786 1636 2857 Deo
1656 2785 1808 2880 prestitis
1826 2787 1939 2858 muni·

527 2911 591 2984 hcc
607 2911 776 2998 tribuunt,
792 2909 827 2978 in
842 2910 1024 2982 celestibus
1041 2910 1157 3004 regnis
1175 2919 1292 2981 eterne
1310 2909 1376 2980 sibi
1395 2918 1524 3003 partam
1539 2907 1739 2982 hereditatis
1755 2911 1941 3004 acquirunt

525 3045 560 3109 et
576 3037 611 3106 in
630 3033 728 3105 terris
744 3033 894 3118 humane
914 3032 1029 3105 laudis
1047 3033 1205 3104 meritum
1223 3039 1388 3128 perpetuo
1406 3041 1656 3126 promerentur.
1676 3031 1761 3106 lnde
1777 3034 1940 3128 estquod

525 3182 589 3234 nos
613 3157 835 3254 providentes
840 3211 1018 3230 ......
1045 3159 1117 3230 Deo
1146 3167 1181 3229 et
1203 3168 1332 3253 quanta
1359 3158 1489 3230 utilitas
1514 3158 1676 3232 universe
1700 3159 1939 3234 christianitati

525 3307 572 3358 ex
590 3284 693 3357 domo
718 3283 896 3380 hospitalis
913 3283 1008 3358 Beati
1024 3283 1190 3356 Iohannis
1206 3283 1404 3378 proveniat,
1427 3283 1463 3354 in
1486 3305 1556 3378 qna
1573 3305 1636 3379 pcr
1654 3283 1793 3358 diversa
1814 3285 1938 3358 mnndi

524 3411 600 3484 loca
618 3409 771 3482 Christus
786 3407 821 3479 in
843 3428 988 3502 persona
1006 3408 1167 3504 pauperis
1185 3407 1360 3502 excipitur
1374 3416 1409 3478 et
1424 3429 1593 3503 pauperos
1607 3409 1644 3478 in
1657 3407 1781 3480 Christi
1800 3411 1938 3480 nomino

521 3534 723 3608 reficiuntur
744 3532 906 3620 assidne;
930 3531 1185 3604 considerantes
1211 3532 1315 3604 etiarn
1337 3541 1506 3628 quantum
1533 3531 1695 3626 snperbia
1721 3531 1937 3610 inimicorum

520 3659 638 3732 Crucis
661 3679 722 3754 per
744 3659 902 3730 eamdem
924 3656 1114 3750 prodictam
1139 3657 1281 3729 domum
1303 3709 1479 3728 ......
1505 3657 1572 3730 hus
1597 3659 1857 3752 comprimatur,
1879 3659 1937 3730 in·

521 3782 611 3854 tuitu
629 3782 690 3854 Dei
710 3791 744 3852 et
760 3781 856 3852 Beati
875 3781 1015 3854 loannis
1032 3781 1195 3876 Baptiste‚
1215 3801 1348 3854 necnon
1367 3803 1429 3876 pro
1447 3781 1577 3854 honore
1595 3780 1726 3856 domini
1745 3783 1852 3856 nostri
1875 3805 1936 3856 se-

518 3905 690 3980 renissimi
713 3904 806 4000 regis
825 3903 1008 3995 Friderici,
1030 3905 1285 3978 communitatis
1301 3909 1411 3978 Janue
1435 3917 1469 3978 ct
1488 3916 1606 3980 nostro
1624 3915 1791 4002 perpetuo
1809 3929 1936 3982 conco-

519 4033 635 4106 dimus
653 4039 688 4104 et
703 4031 874 4104 donamus
888 4031 1042 4126 predicto
1062 4031 1222 4125 hospitali
1240 4033 1355 4104 Sancti
1373 4031 1539 4104 Iohannis
1559 4033 1596 4102 in
1616 4032 1804 4104 tenimento
1819 4044 1935 4108 nostro

518 4159 688 4253 Syracuse
707 4153 884 4250 quoddam
900 4156 1012 4228 casale
1031 4164 1186 4228 nostrum
1204 4155 1298 4250 quod
1319 4153 1445 4228 dicitur
1461 4153 1592 4249 Bigene
1613 4165 1649 4228 et
1667 4165 1791 4228 terram
1810 4179 1932 4250 quarn-

518 4281 599 4356 dam
622 4281 676 4353 his
695 4279 849 4353 terminis
873 4279 1093 4353 interclusam
1114 4305 1123 4350 ε
1143 4279 1323 4351 continens
1327 4333 1473 4354 .....
1495 4279 1663 4352 terminus
1680 4280 1789 4376 ipsius
1807 4289 1933 4356 terrea

525 4471 777 4488 *fl——r-Q.

551 4590 589 4670 1⁴)
608 4589 692 4646 Adest
713 4589 740 4644 in
757 4587 866 4645 archivo
885 4587 1011 4646 lennensi
1028 4585 1236 4644 instrumentum
1256 4585 1377 4660 ejusdem
1395 4585 1524 4662 temporis
1537 4585 1571 4645 da
1584 4585 1690 4644 foedera
1704 4585 1813 4644 llonrici
1826 4585 1932 4644 comitis

517 4686 614 4744 llaltae
625 4691 652 4743 et
663 4684 762 4743 domini
776 4681 872 4743 Cretae
884 4701 945 4742 curn
958 4682 1136 4742 lanuonsihus
1152 4701 1158 4740 :
1172 4683 1225 4742 dat.
1239 4685 1311 4760 apud
1324 4685 1451 4758 tenuem,
1462 4687 1497 4744 ao
1505 4683 1564 4760 julii
1573 4686 1653 4744 ltro.
