4434 5942
319 1127 491 1226 „emm
569 1111 809 1199 Innocentius
835 1143 936 1228 papa
957 1119 1142 1202 universis
1165 1145 1232 1228 per
1251 1118 1420 1202 Siciliam
1441 1115 1654 1200 constitutis
1672 1125 1802 1198 namet
1818 1139 1925 1223 quo-

513 1247 628 1330 modo
659 1249 899 1334 Marcualdus
917 1277 1007 1334 cum
1033 1250 1116 1361 ejus
1144 1251 1358 1334 fautoribus
1385 1250 1553 1334 Siciliam
1579 1249 1693 1332 fuerit
1709 1249 1924 1358 ingressus,

513 1380 562 1462 ad
589 1383 777 1466 excidium
809 1384 917 1494 regni
948 1411 1027 1468 una
1053 1411 1143 1468 cum
1175 1385 1373 1478 Saracenis
1403 1387 1596 1494 aspirans3
1624 1383 1849 1491 nuudatque
1875 1381 1926 1466 ad

512 1511 683 1621 ejusdem
700 1518 809 1627 regni
827 1517 1087 1600 defensionem
1105 1518 1149 1600 C.
1171 1519 1299 1602 Sancti
1321 1518 1513 1604 Laurentii
1534 1517 1575 1598 in
1597 1515 1740 1600 Lucina
1757 1516 1925 1625 presby-

511 1654 637 1730 terum
663 1649 897 1734 cardinalem
922 1651 1300 1762 archiepiscoposque
1317 1651 1608 1762 Neapolitanum
1625 1659 1663 1733 at
1679 1650 1925 1732 Tarentinum

512 1805 536 1862 u
553 1805 594 1862 se
611 1780 808 1864 destinari.

964 587 969 598 .
1012 545 1230 608 raruunrcr
1259 545 1433 607 secuunr
1738 544 1819 621 [uti.
1839 541 1926 605 uae.

597 1993 693 2072 (Edit.
709 1997 741 2054 in
755 1993 877 2076 Epistol.
892 1997 990 2058 lenm.
1005 1999 1060 2074 111,
1075 1998 1129 2060 lib.
1145 2001 1185 2074 11,
1201 2011 1234 2060 u⁰
1248 2009 1319 2072 art,
1334 2017 1381 2080 ap.
1399 2001 1528 2074 Bruuzn,
1541 2006 1566 2061 t.
1581 2000 1608 2074 1,
1621 2017 1653 2078 p.
1669 2008 1780 2061 aas-
1789 1999 1927 2063 Cibur-

632 2118 739 2174 uuun„
755 2099 863 2164 Annei.
879 2099 986 2180 scobs„
1002 2105 1041 2166 ad
1053 2122 1123 2167 ann.
1144 2113 1232 2184 1199,
1250 2103 1266 2186 5
1282 2105 1375 2182 xlv.)

562 2289 793 2380 innocentius,
803 2299 886 2382 ate,
900 2292 1076 2365 nobilibus
1093 2292 1192 2382 viris,
1206 2293 1403 2385 comitibus,
1423 2293 1626 2382 homnibus,
1644 2293 1782 2367 civibus
1797 2301 1833 2366 et
1848 2292 1926 2364 nni·

366 2403 370 2412 '
512 2413 624 2484 versis
644 2435 704 2508 per
722 2416 873 2488 Siciliam
896 2417 1110 2510 constitutis,
1135 2427 1202 2492 etc.
1228 2416 1331 2503 Quod
1355 2419 1470 2491 futura
1489 2419 1559 2492 sint
1582 2419 1769 2492 novissima
1792 2418 1925 2492 Marco·

511 2537 608 2610 vuidi
625 2548 794 2633 quantum
811 2541 847 2612 in
866 2559 909 2614 eo
926 2541 1029 2614 fuerit
1046 2543 1162 2637 pejora
1186 2540 1379 2634 prioribus,
1397 2541 1494 2638 quod
1514 2564 1584 2616 non
1601 2543 1712 2616 scium
1729 2552 1846 2617 contra
1869 2565 1925 2616 ra·

510 2684 618 2756 gnum
631 2663 758 2753 Sicilie,
773 2664 836 2739 sed
849 2665 1051 2738 universum
1065 2667 1137 2738 iere
1147 2666 1379 2758 conjuraverit
1390 2669 1559 2763 populum
1575 2667 1812 2759 christianum,
1828 2665 1925 2762 quod

511 2787 622 2860 iactus
638 2788 684 2860 sit
702 2800 820 2863 contra
838 2811 903 2864 vos
928 2791 1017 2863 alius
1035 2789 1220 2863 saladinus
1236 2792 1392 2886 nequitia
1409 2793 1485 2885 ejus
1511 2791 1746 2864 testimonium
1767 2791 1927 2886 perbibet

511 2911 666 3004 veritati,
688 2913 768 2986 licet
788 2915 884 2988 nulla
906 2916 1034 2988 veritas
1050 2915 1096 2986 sit
1116 2915 1152 2986 in
1178 2936 1232 2988 eo.
1253 2915 1421 3010 Egressus
1448 2916 1540 2989 euim
1561 2916 1643 2988 olim
1660 2915 1764 2989 homo
1786 2917 1843 2990 iiie
1859 2915 1925 2988 ini·

513 3057 606 3129 quus
623 3039 680 3110 vel
703 3039 819 3133 potius
839 3037 1042 3112 immundus
1060 3039 1202 3134 spiritus
1217 3039 1369 3113 Siciliam
1385 3049 1420 3112 et
1444 3049 1555 3113 totum
1570 3055 1738 3135 regnum,
1759 3055 1840 3112 cum
1855 3061 1925 3112 non

514 3162 686 3234 inveniret
709 3163 746 3234 in
765 3162 919 3236 Marabia
935 3163 1108 3258 requiem,
1129 3163 1192 3236 sed
1211 3163 1395 3237 obsidione
1408 3163 1560 3236 hostium
1577 3163 1695 3260 sepius
1711 3163 1922 3236 vallaretur:

517 3285 733 3374 «Revertar,
755 3283 887 3379 inquit,
911 3283 948 3356 in
972 3271 1131 3379 domum,
1158 3305 1305 3380 regnum
1328 3284 1494 3360 videlicet
1511 3285 1608 3381 quod
1630 3285 1748 3376 exivi;
1770 3293 1843 3357 oct
1870 3303 1927 3357 us·

513 3431 657 3482 sumens
674 3429 793 3482 secum
811 3409 898 3483 ulios
921 3409 1063 3506 spiritus
1087 3411 1288 3505 nequiores,
1313 3410 1526 3508 Diopuidum
1549 3409 1698 3501 scilicet,
1728 3411 1866 3484 tratrem
1890 3417 1925 3482 et

514 3534 664 3607 fautores
684 3533 812 3630 ipsius,
831 3543 912 3608 ante
929 3543 1067 3632 tempus
1085 3527 1190 3610 rediit
1208 3557 1273 3610 ros
1289 3545 1451 3631 torquere
1468 3555 1510 3607 ac
1525 3533 1689 3629 reliquias
1707 3534 1927 3628 transmigra·

513 3659 617 3732 tionis
637 3668 673 3734 et
691 3658 912 3734 desolationis
935 3661 1073 3758 prioris,
1095 3661 1201 3734 immo
1217 3661 1324 3734 totins
1343 3659 1442 3756 regni
1455 3658 1633 3733 excidium
1652 3659 1830 3733 innovare.
1848 3657 1926 3730 Dis·

514 3783 632 3880 posuit
653 3783 827 3880 siquidem
847 3786 938 3859 sicut
957 3785 1136 3881 qnondam
1158 3785 1298 3860 diruere
1319 3805 1437 3859 murus
1462 3783 1620 3880 urbium,
1646 3783 1752 3856 immo
1770 3782 1928 3874 redigere

514 3906 672 3982 civitates
694 3909 730 3980 iu
748 3910 869 4002 villas,
887 3910 1063 4006 captivare
1076 3909 1227 4001 nobitas,
1244 3918 1405 4004 torquere
1420 3927 1463 3980 ac
1478 3907 1638 3981 mutilam
1653 3913 1826 4003 potentes,
1844 3925 1927 4001 spo·

514 4031 600 4105 liare
617 4031 759 4126 divites,
778 4055 950 4130 pauperes
971 4034 1161 4128 flagellare,
1182 4031 1356 4106 trucidare
1370 4051 1485 4105 coram
1499 4031 1657 4128 patribus
1674 4030 1763 4104 iiiios
1776 4039 1812 4104 et
1828 4029 1928 4103 adul·

515 4166 626 4231 terere
646 4160 812 4253 conjuges
834 4167 914 4230 ante
932 4158 1043 4248 viros,
1067 4178 1130 4254 per
1150 4157 1223 4230 rim
1241 4158 1374 4232 violare
1392 4156 1546 4250 virgines
1565 4166 1599 4229 et
1622 4155 1738 4250 gladio
1760 4153 1929 4250 perimere

517 4293 765 4378 repugnantes.
783 4283 859 4356 Non
876 4281 1024 4355 credatis
1039 4281 1104 4355 bec
1118 4283 1219 4354 nobis
1237 4282 1303 4355 nisi
1323 4281 1457 4356 fueritis
1477 4280 1559 4354 talia
1576 4283 1649 4374 jum
1669 4279 1839 4376 perpessi,
1860 4277 1928 4349 nisi

517 4407 651 4481 nobiles
668 4406 775 4481 vestri
797 4415 877 4480 aute
894 4427 1043 4501 quorum
1068 4407 1191 4480 faciem
1215 4415 1303 4480 terra
1320 4415 1466 4479 berners
1480 4404 1667 4480 uidebatur
1688 4405 1793 4497 longo
1814 4421 1928 4476 maca-

522 4533 586 4606 rati
615 4532 722 4605 exilio
750 4531 831 4604 iacti
856 4541 938 4605 sunt
966 4530 1107 4606 tandem
1135 4531 1366 4606 membrorum
1395 4531 1610 4606 mutilatione
1640 4527 1831 4618 deformes,
1861 4525 1928 4600 nisi

522 4656 667 4751 quidam
685 4655 752 4730 viri
768 4666 803 4730 et
815 4657 989 4750 mulieres,
1008 4657 1115 4730 immo
1130 4656 1252 4748 etium,
1270 4655 1366 4753 qnod
1382 4655 1538 4732 dolentes
1553 4653 1718 4746 dicimus,
1734 4649 1930 4726 sacerdotes
