4382 5946
283 595 444 680 turma]
735 589 932 652 rrrsroma
959 589 1252 652 nrrtouarrca
1501 603 1504 608 ·
1637 591 1698 652 335

284 743 388 832 caput
406 729 589 808 Provincie
613 737 647 802 et
674 727 898 824 principalem
916 728 1034 802 sedem
1055 728 1190 822 imperii
1207 737 1241 802 et
1260 727 1391 801 domini
1410 728 1639 824 imperatoris,
1663 743 1699 804 et

283 861 361 934 aliis
378 877 449 953 que
471 853 644 950 pertinent
661 849 875 924 adhonorare
892 853 1067 942 volentes,
1088 851 1281 926 secundum
1299 851 1478 948 antiquam
1494 863 1530 925 et
1547 853 1700 927 rationa-

284 985 388 1058 bilem
419 974 702 1076 predecessorum
729 984 923 1048 ncstrorum
949 997 1070 1070 regum
1097 985 1131 1048 et
1153 977 1396 1071 imperatorum
1425 979 1698 1066 concessionem,

285 1105 527 1182 confirmamus
545 1101 608 1174 tihi
626 1100 792 1190 Michael,
813 1100 1021 1172 venerabilis
1036 1099 1311 1196 archiepiscope,
1331 1111 1365 1174 et
1383 1124 1445 1197 per
1464 1113 1498 1176 te
1516 1125 1700 1176 successo-

283 1232 381 1304 ribus
399 1227 469 1301 tuis
493 1225 622 1320 regalia
644 1226 750 1298 totius
771 1223 919 1298 diocesis
945 1225 1154 1298 Arelatensis
1175 1227 1320 1300 ecclesie
1341 1235 1374 1300 et
1396 1227 1506 1323 ipsam
1525 1227 1700 1301 civitatem

284 1377 347 1451 pro
365 1351 516 1428 indiviso
534 1362 568 1424 et
586 1351 723 1447 plenum
736 1349 1014 1442 jurisdictionem
1033 1352 1067 1422 in
1086 1351 1244 1443 civitate,
1266 1352 1302 1424 in
1323 1352 1482 1428 creandis
1500 1354 1702 1426 consulibus

285 1491 319 1554 et
331 1477 521 1552 retinenda
544 1475 684 1548 civitate
699 1474 747 1548 ad
764 1475 945 1548 servitium
967 1475 1102 1572 imperii
1120 1486 1155 1548 et
1173 1476 1304 1550 domini
1325 1477 1552 1572 imperatoris,
1574 1488 1609 1550 et
1627 1478 1703 1552 aliis

285 1627 355 1700 que
373 1605 544 1700 pertinent
561 1601 607 1675 ad
618 1599 892 1694 jurisdictionem
913 1610 1025 1691 tuam,
1046 1603 1136 1674 sicut
1158 1611 1239 1674 sunt
1258 1603 1408 1692 telonea,
1431 1601 1609 1698 pedatica,
1626 1604 1703 1696 jus-

286 1731 391 1823 titias,
410 1727 549 1821 judeos,
572 1725 725 1813 cordam,
747 1725 916 1821 quintale,
934 1727 1172 1822 phumarinm,
1195 1737 1389 1818 monetam,
1409 1737 1546 1822 portus,
1567 1737 1702 1802 monta·

286 1855 397 1927 tiones
415 1863 450 1926 et
467 1851 625 1926 redditus
643 1852 800 1942 navium,
820 1861 955 1945 stagna,
975 1853 1092 1941 lacus,
1119 1851 1286 1948 paludes,
1315 1852 1476 1940 flumina,
1502 1875 1630 1948 pascua
1656 1854 1702 1927 de

286 1979 457 2075 Lepidoso
472 1999 570 2070 agro,
588 1975 635 2050 ita
649 1977 812 2050 videlicet
831 1986 871 2048 ut
892 1975 939 2050 de
955 1977 1049 2048 omni
1068 1978 1181 2048 lructu
1199 1985 1233 2048 et
1253 1974 1399 2050 utilitate
1414 2001 1484 2073 que
1497 2001 1542 2051 ex
1562 1979 1616 2051 bis
1631 2001 1701 2074 que

286 2126 390 2198 supra
407 2101 652 2197 descripsimus
666 2111 826 2196 poterunt
841 2101 1036 2196 pmvenire,
1052 2100 1197 2174 ecclesia
1214 2100 1423 2174 Arelatensis
1440 2112 1474 2174 et
1487 2113 1524 2175 tu
1539 2104 1696 2190 Michael,

286 2225 443 2320 ejusdem
460 2225 604 2300 ecclesie
621 2225 899 2322 archiepiscope,
922 2225 1050 2298 habeas
1074 2235 1109 2298 et
1131 2225 1312 2320 possideas
1336 2227 1556 2302 medietatem
1581 2239 1616 2302 et
1639 2252 1702 2324 per

288 2362 322 2423 te
338 2351 388 2422 tui
406 2370 622 2422 successores
636 2347 793 2422 catholici
813 2349 1024 2442 quicumque
1040 2347 1185 2444 imperio
1200 2349 1319 2423 fideles
1332 2352 1528 2444 extiterint,
1542 2353 1700 2426 eamdem

287 2476 391 2548 etiam
410 2474 560 2548 mediam
584 2483 715 2570 partem
738 2473 801 2544 tihi
820 2473 957 2568 tuisque
976 2474 1233 2546 successoribus
1252 2475 1403 2568 presenti
1424 2477 1550 2570 scripto
1576 2478 1701 2551 contir-

288 2623 425 2674 mamus
447 2610 481 2673 et
509 2599 676 2694 imperiali
706 2595 907 2672 auctoritate
931 2599 1197 2670 communimus.
1225 2597 1475 2672 Confirmamus
1504 2602 1606 2674 etiam
1637 2603 1699 2674 tibi

289 2724 480 2797 dominium
500 2725 545 2797 de
565 2723 785 2795 Trencatallis
800 2731 835 2794 et
851 2733 1010 2816 quartam
1027 2732 1161 2818 partem
1181 2723 1226 2795 de
1241 2725 1344 2797 Fosso
1361 2735 1396 2797 et
1413 2724 1458 2798 de
1478 2726 1651 2799 Albarono
1667 2741 1702 2800 et

288 2859 437 2922 castrum
460 2847 506 2920 de
525 2848 666 2939 Selene,
688 2845 733 2919 de
757 2847 959 2937 Alvemico,
982 2856 1132 2918 castrum
1151 2845 1196 2920 de
1217 2846 1392 2941 Avalcne,
1415 2859 1564 2922 castrum
1586 2853 1702 2925 Sancti

288 2973 438 3046 Amantii
461 2983 497 3045 et
520 2983 673 3045 castrum
701 2973 870 3058 Vereum,
902 2981 1052 3043 casuum
1079 2971 1125 3045 de
1151 2973 1354 3058 Vinzobric,
1384 2974 1557 3048 abbatiam
1587 2979 1701 3049 Sancti

289 3097 442 3170 Gervasii
459 3120 538 3170 cum
555 3097 715 3171 omnibus
735 3095 809 3168 suis
832 3095 1063 3192 pertinentiis,
1084 3096 1266 3191 piscariam
1286 3097 1331 3170 de
1348 3099 1454 3172 Ponte
1476 3109 1511 3171 et
1533 3101 1701 3195 quicquid

288 3225 433 3298 ecclesia
456 3224 663 3297 Arelatensis
684 3224 720 3294 in
743 3223 882 3295 civitate
899 3223 957 3295 vel
974 3232 1072 3295 extra
1095 3243 1157 3318 per
1177 3224 1427 3296 ecclesiasticas
1450 3225 1506 3298 vel
1530 3227 1703 3299 seculares

290 3371 451 3442 personas
469 3349 573 3421 habet
590 3359 625 3420 et
644 3346 797 3442 possidet
814 3347 870 3420 vel
891 3349 985 3440 juste
1014 3347 1142 3420 habere
1170 3346 1285 3421 debet.
1314 3349 1503 3424 Statuimus
1528 3351 1632 3423 etiam
1663 3364 1702 3423 ut

290 3473 434 3548 ecclesia
452 3472 659 3546 Arelatensis
676 3481 710 3544 et
726 3471 802 3563 ejus
816 3473 894 3564 jura
909 3493 972 3546 seu
990 3471 1236 3568 possessiones,
1255 3484 1291 3546 et
1312 3481 1350 3546 tu
1370 3475 1516 3549 blichael
1533 3477 1703 3572 archiepi-

290 3619 393 3694 scope
416 3597 538 3692 tuique
557 3617 773 3670 successores
796 3596 925 3668 nullius
943 3619 1097 3692 nuquam
1117 3599 1274 3692 potestati
1295 3599 1352 3672 vel
1372 3599 1525 3674 dominio
1547 3601 1705 3675 debeatis

290 3723 487 3814 subjacere,
509 3722 577 3794 nisi
598 3722 699 3794 nobis
717 3731 849 3793 tantum
867 3722 1059 3816 nostrisque
1075 3723 1333 3796 successorihus
1354 3723 1616 3820 imperatoribus
1640 3751 1701 3802 seu

289 3847 430 3941 regibus
445 3847 688 3919 Romanorum.
707 3847 778 3918 llec
799 3856 915 3918 aulem
936 3846 1052 3920 omnia
1074 3845 1266 3921 Arelatensi
1283 3849 1543 3948 archiepiscopo
1560 3855 1706 3948 ejusque

289 3971 544 4044 successorihus
560 3969 804 4043 confirmamus
821 3980 855 4042 et
873 3971 1107 4064 concedimus,
1127 3975 1223 4047 salva
1239 3973 1276 4045 in
1291 3975 1454 4048 omnibus
1468 3977 1619 4070 justitia,
1640 3981 1704 4051 ho·

289 4118 373 4170 nore
390 4105 425 4170 et
439 4096 588 4170 utilitate
605 4095 788 4192 imperiali.
801 4099 996 4170 soluentes
1011 4120 1152 4194 quoque
1162 4101 1326 4192 jubemus
1341 4111 1381 4174 ul
1397 4102 1442 4174 de
1459 4111 1572 4174 cetero
1587 4097 1704 4176 nullus

291 4221 386 4308 dux,
402 4243 472 4294 non
489 4220 654 4312 marchio,
676 4242 745 4293 non
759 4241 887 4308 comes,
904 4222 1021 4294 nullus
1037 4207 1197 4318 princeps
1219 4224 1275 4296 vel
1292 4233 1453 4318 potestas,
1469 4245 1537 4298 non
1556 4235 1704 4300 rectores
1765 4313 1767 4316 ,

290 4347 348 4419 vel
365 4347 537 4438 eonsules,
554 4367 624 4419 nun
646 4347 847 4441 capitaneus
866 4347 923 4418 vel
943 4347 1148 4438 vicecomes,
1164 4370 1233 4420 non
1252 4349 1481 4420 ecclesiastica
1496 4352 1704 4424 secularisve

292 4489 455 4566 persona,
475 4492 600 4565 magna
619 4471 676 4545 vel
695 4492 819 4566 parva,
835 4471 909 4562 jam
923 4471 1159 4567 supradictum
1177 4472 1377 4544 Michaelem
1394 4473 1628 4548 Arelatensem
1646 4499 1703 4549 ar·

292 4593 550 4691 cbiepisecpum
567 4597 713 4692 ejusque
733 4617 949 4670 successores
964 4597 1144 4670 molestare
1166 4598 1222 4669 vel
1240 4597 1431 4692 inquietare
1447 4601 1503 4672 vel
1523 4599 1705 4674 disvestire

265 4739 267 4742 ·
294 4729 470 4815 presumat
492 4721 529 4821 in
552 4721 715 4818 predictis
737 4721 840 4794 honis
863 4731 897 4793 et
920 4721 1194 4818 possessionibus
1219 4722 1363 4796 scissi
1387 4724 1467 4819 quis
1491 4746 1574 4798 vero
1598 4727 1704 4819 hujus
