4382 5946
497 562 557 623 sec
999 561 1213 624 rnrnnnrur
1239 561 1413 624 suenum
1725 564 1805 643 [nn.
1825 567 1909 630 narn

498 700 568 771 lere
591 697 719 770 tenoris
737 706 837 788 sunt,
853 705 888 770 et
905 697 953 770 ita
968 695 1116 796 dunel:
1143 697 1230 771 Acta
1256 706 1336 771 snut
1357 695 1423 772 hec
1446 695 1514 770 sub
1535 697 1650 793 sigillo
1678 709 1795 774 nosue
1819 721 1912 775 anno

496 821 676 894 millesimo
693 821 928 895 ducentesimo
945 821 1231 918 decimoquarto,
1249 843 1367 896 mense
1383 821 1588 914 decembris,
1608 833 1732 918 quarto
1746 824 1911 901 kalendas

494 946 660 1038 januarii,
689 945 906 1041 presentibus
936 945 1093 1020 Conrado
1121 947 1323 1021 cancellario
1353 956 1468 1022 nostro
1490 957 1525 1020 et
1550 947 1714 1044 episcopo
1742 950 1907 1042 llelensi,

497 1070 621 1142 comite
637 1069 777 1142 Alberto
795 1069 841 1143 de
858 1071 1138 1145 Hermchestalim
1157 1071 1225 1168 (n),
1245 1071 1410 1146 Wornero
1431 1069 1478 1146 do
1493 1071 1664 1164 Bolande,
1685 1071 1907 1162 aubedone,

498 1207 534 1267 et
550 1195 627 1269 aliis
645 1195 921 1290 quamplurimis.

546 1414 708 1515 [Litterae
725 1437 887 1492 assensus
908 1440 928 1490 a
951 1418 1091 1490 Simone
1105 1418 1252 1492 Falcone
1276 1418 1439 1513 magistro
1458 1417 1599 1490 scnbino
1617 1437 1681 1513 pro
1701 1415 1824 1490 eodem
1845 1416 1910 1508 jn·

497 1541 588 1616 dicio
606 1544 779 1616 conlectae
797 1541 954 1636 ejusdem
973 1543 1102 1618 tenoris
1115 1553 1215 1636 sunt,
1237 1543 1304 1616 nisi
1319 1543 1415 1638 qnod
1431 1541 1669 1616 Tbeobaldum
1691 1541 1817 1616 ducem
1839 1542 1910 1614 Lo-

497 1667 688 1762 tbaringiae
712 1670 870 1742 comitem
891 1689 1032 1763 quoque
1057 1669 1246 1742 ldetensem
1271 1665 1463 1765 appellant]
1484 1694 1493 1737 :
1515 1667 1685 1740 Dominus
1707 1667 1824 1761 itaque
1846 1687 1910 1738 rex

496 1793 599 1884 hujus
615 1793 665 1866 rei
679 1791 851 1884 judicium
871 1793 1041 1864 commisit
1059 1791 1201 1866 domino
1216 1791 1425 1866 Theoderico
1446 1790 1633 1866 venerabili
1650 1789 1908 1886 archiepiscopo

497 1917 690 1990 Trevirensi
709 1927 744 1990 et
763 1917 904 1990 domino
929 1917 1103 1991 Tecbaldo
1126 1918 1249 1991 illustri
1267 1915 1349 1990 duci
1373 1916 1591 2012 lotharingie
1617 1923 1652 1990 et
1668 1913 1857 1988 marchioni
1874 1924 1909 1989 et

498 2041 612 2114 comiti
631 2040 780 2114 civitatis
795 2041 980 2132 llelensis,
1001 2039 1131 2116 ibidem
1152 2041 1379 2138 presentibus.
1399 2038 1639 2140 [Subscriptne
1657 2047 1740 2112 sunt
1756 2047 1792 2112 et
1807 2035 1908 2112 datae

499 2175 537 2238 ut
554 2163 723 2262 sequitur]
746 2193 754 2236 :
773 2165 918 2238 Nomine
938 2175 1054 2240 nutem
1078 2166 1298 2240 scabinorum
1310 2165 1371 2260 qni
1392 2165 1440 2237 ibi
1457 2174 1634 2261 presentes
1649 2165 1788 2238 luemnt
1803 2171 1838 2234 et
1850 2183 1908 2234 es·

497 2309 636 2362 sensum
657 2311 760 2362 suum
779 2299 884 2386 utque
901 2289 1185 2386 approbationem
1210 2289 1444 2364 adhibuerunt
1464 2299 1545 2362 snut
1567 2289 1633 2362 iata
1655 2315 1663 2358 :
1685 2287 1802 2360 Simon
1826 2286 1907 2360 Fel-

496 2414 591 2488 ccnis
617 2415 692 2506 ejus
717 2415 799 2488 anni
824 2414 984 2509 magister
1009 2415 1188 2502 scabinus,
1209 2415 1377 2488 lleuricne
1401 2413 1447 2488 de
1474 2415 1573 2487 Porta
1596 2413 1687 2486 Salio
1708 2421 1743 2486 et
1763 2410 1907 2484 Pontius

496 2537 586 2612 lilius
608 2561 710 2631 suns,
734 2539 842 2628 Otho,
864 2540 1067 2636 llcdulpbus
1091 2540 1138 2614 de
1163 2541 1264 2614 Porta
1283 2539 1438 2630 blcselle,
1470 2537 1638 2612 Robertus
1661 2535 1707 2608 de
1727 2535 1902 2624 Poslcrna,

493 2663 610 2738 Simon
628 2665 860 2754 Mambouta,
881 2666 1131 2740 bonusamicus
1147 2668 1331 2756 Seviteres,
1349 2665 1509 2738 Albertns
1530 2661 1575 2738 de
1603 2661 1792 2736 ludecrnm
1810 2659 1903 2748 vico,

497 2791 620 2884 llnguc
639 2789 804 2879 Eucheri,
827 2789 1003 2883 Remigius
1018 2789 1064 2863 de
1082 2791 1206 2864 Sancto
1225 2789 1383 2882 lllnrtino,
1403 2789 1563 2862 Nicolnus
1581 2786 1720 2882 Corpes,
1738 2783 1905 2858 llicberns

493 2913 658 2987 Falconis.
682 2913 767 2986 dcta
787 2923 869 2986 sunt
886 2914 953 2986 snb
968 2913 1082 3008 sigillo
1102 2913 1252 2988 civitatis
1269 2913 1443 3002 llelensis,
1462 2933 1554 2986 anno
1572 2911 1753 2984 millesime
1773 2908 1904 2984 ducen-

494 3038 767 3150 teeimodeoimo
781 3049 918 3136 quarto,
935 3061 1054 3114 mense
1068 3039 1255 3134 decembri,
1272 3049 1396 3136 quarto
1412 3037 1577 3114 kalendm
1587 3035 1753 3133 januarii.

533 3239 575 3322 (a)
596 3243 768 3322 legendnm
782 3252 879 3308 numm
892 3243 927 3306 de
941 3243 1094 3308 sunnin
1101 3265 1118 3324 ;
1131 3253 1165 3308 ut
1179 3262 1280 3325 snpra.
