4378 5954
553 575 610 637 ron
1055 567 1269 632 rnrnnnrcr
1295 571 1469 634 saccum
1776 573 1856 658 [aaa
1876 574 1960 638 rena.

548 722 630 785 sunt
654 711 690 781 in
711 709 833 804 spiritu
863 707 1025 803 superbie
1052 718 1170 780 contra
1194 707 1371 780 stimulum
1392 707 1583 800 calcitrare,
1603 706 1737 802 liquido
1756 729 1962 804 cognoscem

547 845 645 930 potes
663 833 844 906 commoda
860 842 894 905 et
912 831 1216 926 incommodaque
1233 831 1279 904 de
1298 833 1408 926 gratia
1425 841 1460 904 et
1475 831 1605 904 offensa
1623 841 1740 904 nostra
1756 832 1819 904 tibi
1836 855 1877 906 ac
1893 834 1962 906 tuis

546 967 782 1056 provenerunt
797 957 964 1030 hactenus
983 965 1017 1028 et
1038 965 1198 1050 poterunt
1219 956 1415 1052 provenire.
1436 956 1512 1028 Scis
1528 956 1622 1028 enim
1638 966 1769 1050 quanta
1787 960 1959 1032 consecuti

546 1093 629 1156 sunt
645 1084 853 1154 incrementa
870 1101 959 1175 quos
977 1080 1078 1154 nobis
1094 1079 1175 1152 fidei
1193 1103 1256 1153 sue
1269 1081 1448 1154 sinceritas
1465 1080 1723 1154 commendavit
1736 1092 1771 1156 et
1787 1083 1961 1177 quomodo

547 1209 594 1281 de
618 1207 770 1280 minimis
795 1207 841 1280 ad
866 1207 1021 1279 maxima
1046 1205 1338 1296 conscenderunt;
1362 1227 1428 1278 nec
1449 1206 1589 1299 ignoras
1611 1216 1741 1301 quanta
1762 1208 1856 1303 passi
1880 1219 1962 1282 sunt

546 1333 750 1428 detrimenta
770 1353 860 1426 quos
878 1331 1065 1405 infidelitas
1083 1341 1118 1402 et
1137 1331 1333 1423 arrogantia
1350 1329 1552 1422 concitavit,
1571 1339 1607 1403 et
1629 1331 1807 1426 mornado
1823 1331 1868 1405 de
1886 1355 1961 1407 ma·

545 1459 623 1552 gnis
646 1457 681 1528 in
705 1456 847 1528 minima
865 1465 1064 1528 corruentes
1087 1457 1157 1528 tere
1177 1456 1223 1528 ad
1242 1455 1387 1527 nihilum
1409 1465 1491 1528 sunt
1514 1454 1661 1545 redacti,
1683 1477 1753 1528 non
1776 1458 1888 1530 solum
1914 1458 1960 1531 de

544 1582 613 1653 biis
631 1591 665 1654 et
689 1581 755 1652 illis
775 1581 957 1674 indigene,
978 1580 1041 1654 sed
1059 1581 1163 1652 ctiam
1180 1581 1304 1670 alieni;
1324 1575 1420 1674 quod
1443 1579 1607 1651 nimirum
1632 1580 1668 1652 in
1689 1589 1724 1653 te
1746 1581 1838 1676 ipsc,
1864 1584 1958 1676 quod

545 1705 702 1778 dolentes
731 1705 900 1794 dicimus,
927 1725 988 1798 per
1016 1703 1266 1800 experientiam
1290 1703 1534 1800 comprobasti.
1557 1703 1647 1788 Quia
1670 1725 1754 1777 vero
1774 1727 1822 1777 ex
1843 1715 1960 1800 prete-

544 1831 619 1900 ritis
636 1839 733 1924 potes
758 1829 974 1902 conalderare
993 1830 1124 1918 lutura,
1148 1827 1245 1922 quod
1264 1827 1457 1924 improvide
1477 1827 1652 1922 deliquisti
1677 1851 1756 1900 cnm
1777 1839 1870 1902 tanta
1897 1831 1958 1902 di-

545 1954 685 2047 ligentia
701 1953 842 2026 studeas
862 1953 1062 2044 emendare,
1079 1953 1173 2047 quod
1195 1953 1438 2046 omniumque
1459 1973 1521 2046 per
1544 1961 1577 2022 te
1598 1952 1688 2024 male
1710 1964 1806 2046 gesta
1824 1964 1904 2026 suut
1924 1963 1958 2026 et

545 2079 693 2174 pessime
709 2079 802 2150 dicta
824 2099 963 2173 pmrsus
981 2079 1099 2169 obliti,
1124 2099 1204 2150 cum
1226 2079 1315 2149 bona
1335 2076 1543 2149 conscientia
1562 2085 1597 2148 et
1610 2077 1724 2150 libera
1751 2080 1860 2150 lmnte
1875 2101 1959 2172 gra-

545 2203 628 2274 tIam
647 2211 797 2275 nostram
824 2203 887 2274 tibi
913 2204 1090 2275 valeamus
1114 2202 1301 2293 benignius
1322 2200 1507 2296 impertiri;
1529 2201 1575 2272 de
1596 2223 1666 2294 qua
1688 2202 1808 2296 utique
1832 2204 1958 2297 poteris

546 2349 623 2400 esse
645 2347 788 2398 securus
809 2327 839 2398 si
864 2328 993 2399 monita
1017 2335 1132 2399 nostra
1154 2347 1224 2420 que
1244 2347 1385 2422 presens
1404 2323 1468 2397 tibi
1496 2323 1612 2397 cluana
1639 2325 1761 2398 suadet
1791 2327 1897 2400 verbo
1924 2337 1959 2399 et

545 2473 649 2546 opere
665 2451 843 2531 curaveris
858 2449 1059 2544 adimplere.
1077 2453 1203 2543 largas
1216 2452 1308 2524 enim
1323 2461 1357 2524 et
1369 2451 1502 2545 amplas
1515 2471 1576 2543 per
1591 2449 1653 2521 Dei
1670 2450 1814 2544 gratiam
1834 2472 1958 2524 manus

545 2571 732 2664 babemus,
752 2585 792 2646 ut
808 2575 897 2646 sicut
915 2575 1000 2646 iram
1022 2584 1083 2646 tua
1103 2583 1318 2668 promerente
1340 2575 1446 2668 culpa
1464 2571 1618 2662 sensisti,
1637 2573 1688 2646 sic
1710 2574 1957 2668 benignitatem

545 2702 581 2773 in
600 2702 709 2795 gratia
724 2709 783 2772 tua
802 2702 963 2795 exigente
980 2699 1211 2775 satisfactione
1228 2719 1430 2794 cognoscas.

592 2826 718 2896 Datum
737 2825 925 2916 Ferentini,
946 2834 1013 2900 etc.

761 3137 1446 3148 m—*ss*
1447 3139 1710 3147 ------------
1715 3133 1741 3146 nd

596 3419 836 3504 Innocentius
853 3443 954 3530 papa
970 3419 1010 3500 in
1029 3418 1237 3502 monachos
1258 3417 1395 3502 Montis
1422 3418 1574 3530 Regalis
1597 3419 1743 3502 invehit
1767 3419 1835 3529 qui
1862 3441 1956 3500 cas-

541 3555 632 3637 tella
658 3553 729 3636 Iati
755 3563 792 3636 et
820 3551 1002 3634 Caletrasi
1029 3561 1198 3634 tenentes
1216 3560 1255 3634 et
1270 3553 1495 3636 thesaurum
1519 3553 1698 3636 ecclesiae
1714 3552 1952 3661 diripientes,

541 3687 779 3770 Willelmum
799 3686 1067 3794 Capparcnum
1085 3694 1217 3768 contra
1239 3685 1564 3796 archiepiscopum
1592 3687 1762 3798 ipsorum
1785 3685 1955 3768 suscita-

541 3829 651 3925 runt3
670 3819 926 3928 praecipitque
944 3828 988 3901 ut
1006 3817 1301 3903 satisfactionem
1318 3845 1528 3932 congruam
1543 3847 1613 3930 pro
1628 3819 1830 3903 sceleribus
1849 3817 1956 3902 exhi-

543 3954 659 4037 beant
676 3952 735 4036 vel
753 3953 912 4034 timeant
928 3977 1086 4061 prorsus
1104 3952 1268 4036 excludi.

616 4165 713 4250 (Edid.
728 4165 921 4245 Bononiam,
936 4165 1034 4226 lacco.
1050 4165 1098 4226 111
1107 4163 1231 4246 epistol„
1248 4165 1300 4227 nn.
1315 4165 1373 4240 VI,
1389 4173 1413 4229 t.
1433 4167 1462 4238 1,
1477 4184 1505 4244 p.
1525 4175 1597 4238 tos,
1618 4177 1651 4226 n⁰
1670 4164 1778 4228 XCIII.
1793 4163 1954 4226 Laudare·

660 4281 730 4337 runt
742 4275 939 4349 mrnmnus,
955 4275 994 4336 ad
1006 4292 1077 4336 ann.
1092 4273 1423 4356 §LXIV,etP1anus,
1438 4271 1521 4336 Stctl.
1535 4291 1634 4350 racc,
1649 4281 1669 4336 t.
1686 4275 1718 4350 1,
1729 4291 1762 4352 p.
1778 4275 1862 4350 tet.)

591 4461 822 4556 Innocentius,
841 4471 928 4556 etc,
947 4462 1126 4536 monachis
1147 4461 1273 4536 Montis
1287 4461 1440 4558 Regalis,
1456 4463 1522 4536 lati
1537 4472 1572 4534 et
1588 4461 1794 4534 Calatetrasii
1810 4459 1863 4556 (t)
1877 4479 1952 4534 cas·

578 4723 614 4793 (t)
633 4717 738 4776 Scilicet
750 4717 840 4791 tho,
857 4723 975 4776 mecum
994 4717 1074 4778 bodie
1090 4719 1222 4792 emam,
1235 4717 1312 4793 juxta
1333 4733 1432 4793 pagum
1449 4715 1552 4776 dictum
1566 4715 1626 4775 Sca
1638 4717 1770 4789 Girsseppa
1781 4714 1805 4772 li
1817 4711 1953 4785 Horttllt,
