4334 5980
225 635 329 698 lnnrcr.
346 631 410 718 le]
680 629 877 693 HISTORIA
902 629 1193 696 clitellarius.
1586 635 1645 700 1¹15

228 768 380 852 soribus
406 765 491 877 ejus
512 766 552 847 in
578 775 804 876 perpetuum
826 766 1027 850 confirmat
1048 767 1291 851 donationem
1308 755 1455 852 ‘iactam
1474 795 1497 851 a
1514 769 1643 853 an-

229 900 307 1012 gali
328 901 378 984 de
403 899 560 983 bitricto
585 895 635 983 de
657 907 782 983 castro
798 889 963 1012 bibisti,
983 887 1015 983 si
1034 901 1115 985 sine
1132 901 1448 1026 descendentibus
1465 903 1646 1015 legitimis

229 1033 445 1119 decesserit,

308 1256 598 1336 memmi,
612 1255 830 1323 deriserit&
842 1275 914 1322 cccc.
926 1215 1137 1338 mertem,
1153 1265 1228 1322 tom
1243 1257 1276 1332 I,
1289 1277 1322 1337 p.
1339 1267 1414 1333 ner,
1430 1265 1646 1340 strnnsnmpto

349 1363 520 1428 authentico
532 1381 605 1428 nnn.
628 1374 717 1438 tm,
732 1375 766 1428 ιι·
782 1367 821 1428 V.
838 1367 1005 1446 originale,
1018 1373 1052 1428 ut
1070 1367 1182 1430 ibidem
1201 1371 1332 1443 nentur,
1349 1367 1510 1446 sigtllstnrn
1523 1375 1586 1430 erat
1598 1371 1646 1430 si·

350 1471 421 1550 gillo
433 1487 518 1533 cerae
531 1471 657 1546 rubras,
671 1472 811 1552 pendenti
822 1474 855 1550 ln
867 1472 919 1543 ilio
931 1479 1012 1568 setas
1022 1473 1153 1552 rubrae)

279 1684 483 1759 Fredericns
512 1684 634 1760 divina
661 1685 799 1760 invente
825 1685 1005 1762 clementia
1032 1709 1096 1761 rex
1123 1687 1261 1778 Sicilie,
1288 1687 1436 1762 ducatus
1460 1687 1586 1785 Apulis
1613 1700 1648 1764 et

230 1808 445 1908 principatus
467 1809 597 1906 Capua.
621 1809 676 1884 Ex
703 1801 820 1884 inuste
842 1811 943 1886 nobis
965 1811 1240 1886 mansuetudinis
1258 1807 1307 1908 (a)
1326 1803 1470 1912 [matie]
1494 1813 1647 1889 nascitur

230 1941 265 2005 et
282 1941 447 2024 consueta
460 1933 676 2030 benignitate
691 1933 859 2030 procedit,
869 1935 962 2008 illius
976 1935 1103 2008 intuitu
1117 1937 1218 2029 cujus
1232 1935 1412 2012 clementia
1428 1937 1567 2034 preside
1581 1960 1646 2034 gu·

230 2057 438 2149 horremus,
469 2070 705 2134 sacmsnnctas
732 2060 894 2136 ecclesias
918 2059 1082 2136 munifice
1113 2059 1317 2136 liberalitate
1339 2061 1387 2158 (i)
1412 2062 1584 2160 respicere
1613 2072 1648 2138 ct

230 2183 403 2256 continuis
430 2183 610 2258 beneficiis
636 2187 815 2282 ampliare.
843 2185 928 2260 lude
951 2199 1003 2260 est
1027 2185 1125 2281 qnod
1150 2208 1214 2262 nos
1242 2187 1344 2260 certis
1364 2187 1648 2283 inquisitionibus

230 2319 477 2403 cognoscentes
503 2309 600 2405 quod
626 2319 777 2383 castrum
806 2310 937 2383 Bitricti
962 2309 1007 2384 de
1035 2311 1221 2385 tenimento
1248 2311 1340 2384 Barii
1366 2312 1430 2385 luit
1456 2313 1646 2408 antiquitus

229 2431 388 2506 Berensis
412 2435 574 2526 ecclesie,
594 2443 629 2507 et
655 2433 831 2528 Frangnlis
859 2433 905 2508 de
928 2435 1068 2508 liitrioto
1095 2436 1157 2532 qni
1183 2443 1333 2508 castrum
1361 2436 1477 2532 ipsum
1508 2439 1647 2512 tenebat

230 2575 442 2650 cognoscens
458 2557 519 2652 jus
536 2561 610 2632 iore
630 2557 783 2654 predicte
798 2558 943 2633 ecclesie
964 2559 1051 2633 illud
1074 2560 1187 2658 eidem
1205 2561 1432 2658 prescriptum
1451 2561 1595 2635 contulit
1611 2571 1647 2635 et

230 2679 418 2772 concessit,
438 2681 563 2756 sisino
583 2681 875 2758 descendentibus
902 2681 1085 2758 decederet
1106 2705 1153 2758 ex
1177 2685 1330 2778 legitimo
1357 2685 1543 2760 concubitu
1565 2707 1644 2782 pro·

229 2804 354 2876 creatis
375 2803 444 2901 (ης
471 2805 726 2880 considerantes
750 2806 855 2880 etiam
886 2804 991 2880 fidem
1017 2829 1139 2903 puram
1166 2817 1202 2880 et
1229 2807 1448 2882 devotionem
1474 2809 1645 2882 sinceram

231 2948 366 3001 necnon
383 2938 419 3002 et
434 2931 599 3003 continua
613 2941 781 3026 grataque
798 2929 844 3028 (c)
862 2931 1001 3004 servitia
1019 2953 1088 3026 que
1109 2941 1146 3004 tu
1164 2933 1332 3024 berarde,
1356 2932 1563 3008 venerabilis
1580 2935 1645 3006 Ba·

230 3053 344 3125 rensis
372 3053 651 3152 archiepiscope,
671 3055 797 3130 dilecte
819 3055 996 3129 familiaris
1022 3065 1056 3128 et
1082 3053 1196 3129 fidelis
1222 3067 1349 3147 noster,
1369 3058 1511 3130 culmini
1529 3069 1645 3132 nostro

231 3175 452 3252 laudabiliter
468 3179 637 3254 hactenus
653 3179 818 3254 exibuieti
833 3189 868 3252 et
881 3180 1002 3253 exibes
1014 3180 1235 3274 incessanter,
1248 3179 1292 3256 de
1305 3181 1415 3277 gratia
1430 3191 1467 3256 et
1482 3193 1646 3258 consueta

232 3301 470 3378 munificentia
482 3305 744 3396 nostradamus,
761 3306 987 3380 concedimus
995 3315 1028 3381 et
1041 3305 1078 3380 in
1091 3315 1297 3403 perpetuum
1313 3306 1556 3382 confirmamus
1566 3309 1643 3401 tibi,

271 3479 309 3558 (a)
329 3481 365 3542 ln
378 3481 520 3560 impresso
532 3499 571 3544 ac
586 3483 686 3564 iocata
698 3481 779 3546 nodie
790 3481 1019 3560 mesdeo,
1032 3485 1119 3548 male.

271 3585 309 3667 (b)
326 3587 442 3650 Ibidem
453 3585 600 3666 libertate,
612 3591 700 3654 male.

274 3693 310 3776 (ci
331 3695 445 3760 Ibidem
459 3704 611 3780 paupe,
625 3699 713 3762 maie.

269 3984 306 4060 (t)
324 3987 406 4046 Extat
418 3988 447 4046 in
460 3988 556 4050 eodem
570 3995 739 4066 mmpte
747 3990 800 4049 sub
808 4001 840 4048 n⁰
850 3992 886 4052 lv
893 3989 1002 4048 donatio
1013 3988 1193 4062 asuprsdicto
1204 3987 1329 4062 Frangali
1340 3988 1409 4046 iectu
1417 3993 1499 4062 etper
1509 3989 1607 4063 [usum
1617 3996 1650 4048 ct

116 4167 119 4172 Ι
233 4102 291 4144 aros
305 4093 346 4144 est
360 4087 468 4147 traditio
481 4108 488 4148 :
500 4107 572 4148 anno
590 4091 739 4150 dominicae
751 4089 941 4149 incarnationis
951 4089 1092 4148 millesimo
1102 4089 1286 4150 ducentesimo
1297 4089 1401 4148 decimo
1413 4089 1483 4164 (lege
1493 4107 1573 4162 nouo,
1587 4091 1651 4148 dum

233 4185 329 4246 notarii
348 4187 461 4262 Apuliae
483 4205 583 4246 annum
602 4205 619 4247 a
635 4189 756 4248 kalendis
769 4187 930 4264 septembris
943 4187 1062 4262 incipere
1077 4187 1215 4259 solerent),
1230 4187 1306 4261 regni
1320 4187 1420 4246 domini
1435 4188 1520 4246 nostri
1532 4187 1650 4246 dederici

233 4287 282 4345 liei
295 4287 379 4362 gantis
393 4285 566 4346 illustrissimi
578 4287 650 4361 regia
662 4286 775 4356 Siciliae,
789 4287 902 4344 ducatus
912 4285 1026 4360 Apuliae
1038 4291 1066 4343 et
1078 4285 1245 4361 principatus
1258 4285 1377 4361 Capuae,
1395 4301 1466 4343 anno
1482 4285 1649 4356 duodecimo,

233 4399 327 4444 mnes
338 4384 516 4460 membris,
533 4385 561 4442 ln
581 4385 625 4444 die
639 4385 711 4459 (lege
724 4383 884 4457 indictione)
896 4384 975 4441 tertia
995 4383 1112 4456 dwma,
1131 4391 1196 4444 ante
1216 4385 1395 4459 praesentiam
1417 4383 1518 4442 domini
1530 4384 1651 4458 Gregorii

233 4483 263 4542 S.
276 4483 409 4542 Theodori
421 4482 585 4542 venerabilis
598 4482 704 4542 diaconi
721 4481 877 4552 affluatis,
891 4482 1062 4556 Apostolicaa
1081 4482 1159 4542 Sedis
1177 4483 1270 4556 legati,
1286 4488 1314 4542 et
1331 4481 1433 4538 domini
1451 4480 1594 4554 Guglieimi
1616 4482 1651 4540 de

234 4579 379 4638 Petrecaco
397 4587 426 4637 et
443 4581 546 4638 domini
559 4581 682 4638 Andreae
696 4579 730 4636 de
743 4580 812 4637 Baro
824 4595 937 4653 magnae
953 4580 1042 4652 regiae
1055 4580 1145 4638 curiae
1163 4597 1238 4654 mcp.
1252 4580 1472 4654 imtiticriornm
1485 4577 1553 4650 (aie).
1568 4578 1604 4635 At
1622 4579 1651 4636 in

233 4675 479 4751 subscriptionibus
493 4679 616 4748 testium¹
628 4683 690 4752 post
700 4676 858 4752 Gregorium
867 4679 896 4737 S.
907 4677 1039 4735 Theodori
1051 4677 1194 4737 diaconum
1205 4678 1365 4736 cardinalem
1379 4675 1454 4734 solus
1465 4692 1495 4734 se
1507 4673 1656 4734 subscribit

233 4773 357 4834 Andreae
375 4773 407 4834 dc
417 4777 490 4835 sm
502 4791 601 4850 mecm
612 4777 686 4850 repis
696 4778 773 4833 curie
784 4777 915 4850 mcpbter
925 4775 1106 4851 justitiarios.
