4378 5954
576 535 635 598 roa
1002 557 1006 564 ,
1075 533 1289 598 rnrnanrcr
1314 538 1489 602 sncunnr
1795 541 1878 622 [au.
1898 543 1982 608 raro

572 671 613 750 in
633 669 733 751 dictu
750 667 909 752 {lumine
926 675 964 749 et
979 665 1171 750 licentiam
1197 671 1372 756 sumendi
1391 697 1533 784 aquam
1550 672 1692 758 ibidem
1709 685 1748 758 et
1763 675 1927 760 ducendi
1944 679 1982 760 in

571 828 732 913 parvum
754 799 1031 912 pantanellnm.

655 1019 784 1094 (Edlder.
797 1019 833 1080 ll.
847 1020 973 1094 mnus,
983 1016 1060 1082 seit
1077 1037 1170 1094 m,
1185 1027 1207 1082 t
1220 1023 1263 1102 11,
1276 1040 1308 1100 p.
1324 1031 1514 1086 att-tto·
1522 1023 1644 1098 Dorus,
1658 1025 1737 1088 [list.
1751 1024 1800 1088 cles
1816 1025 1981 1108 raptim,

691 1143 723 1204 p.
749 1135 804 1186 tta
818 1124 897 1204 (edlt
913 1125 1142 1204 coenoman.)

618 1317 656 1387 ln
674 1315 813 1388 nomine
830 1325 947 1386 sancte
962 1323 997 1388 et
1013 1313 1197 1390 individua
1209 1315 1396 1390 Trinitatis.
1417 1315 1610 1390 Tridsrieus
1629 1318 1691 1390 Dei
1714 1319 1825 1412 gratia
1848 1341 1911 1392 rex
1930 1319 1982 1393 Si·

569 1441 666 1531 cilis,
688 1441 835 1513 ducatus
857 1439 985 1534 Apulia
1002 1451 1037 1512 at
1061 1439 1275 1535 principatus
1292 1439 1420 1536 Capua.
1440 1441 1583 1525 Quoties
1608 1439 1751 1514 obtentu
1779 1442 1891 1515 divini
1916 1465 1980 1514 nu-

566 1565 671 1636 minis
686 1563 733 1637 ad
750 1563 972 1636 ecclesiarum
990 1565 1120 1636 cultum
1141 1564 1341 1638 intentionis
1362 1573 1477 1638 nostre
1493 1567 1603 1638 aciem
1619 1565 1787 1639 vertimus
1809 1576 1846 1640 et
1860 1589 1979 1640 aarum

567 1687 780 1782 profectibus
806 1687 864 1782 pio
891 1685 1077 1778 majestatis
1101 1687 1202 1759 oculo
1228 1686 1474 1782 providemus,
1506 1689 1606 1760 toties
1631 1689 1679 1761 ad
1701 1689 1921 1762 sublimitatis
1945 1701 1980 1764 at

568 1811 721 1907 potentie
740 1811 918 1882 cumulum
939 1811 1115 1905 potestatis
1130 1819 1246 1885 nostre
1266 1812 1391 1884 solium
1410 1811 1591 1886 clementie
1608 1812 1708 1885 titulo
1727 1813 1858 1908 largius
1876 1814 1979 1888 deco·

568 1945 674 2008 ratur.
690 1933 901 2007 Constitutus
923 1935 1039 2030 itaque
1062 1935 1099 2006 in
1121 1938 1293 2032 prasentia
1315 1945 1432 2010 nostra
1452 1938 1555 2009 frater
1574 1935 1796 2026 Guillelmus,
1816 1940 1978 2033 magister

569 2058 694 2132 domus
715 2057 835 2131 militie
858 2059 989 2153 Templi
1020 2059 1057 2130 in
1083 2059 1219 2151 Sicilia,
1248 2061 1418 2153 majestati
1448 2069 1564 2134 nostre
1589 2061 1798 2157 supplicavit
1826 2071 1866 2134 ut
1891 2063 1978 2136 tani-

568 2195 721 2256 mentum
740 2184 836 2280 quod
858 2183 985 2256 dicitur
1007 2185 1199 2257 Pantanum
1221 2187 1356 2258 Salsum
1379 2187 1415 2257 in
1444 2187 1631 2258 tenimento
1649 2186 1782 2258 lentini
1802 2207 1882 2258 cum
1901 2209 1977 2282 per·

568 2308 721 2380 tinentiis
739 2307 828 2395 suis,
853 2308 943 2380 sicut
962 2329 1077 2380 comes
1095 2307 1293 2405 ltayualdus
1312 2309 1358 2382 ds
1380 2310 1517 2383 llodica
1533 2308 1579 2382 de
1604 2310 1780 2382 voluntate
1801 2319 1836 2382 et
1854 2309 1976 2384 confir·

567 2434 718 2505 matione
736 2433 886 2504 felicium
911 2443 1136 2524 augustorum
1155 2443 1337 2528 parentum
1360 2443 1555 2506 nostrorum
1572 2433 1656 2507 dive
1678 2433 1841 2506 memorie
1863 2433 1973 2508 eidem

565 2555 684 2630 domui
711 2556 831 2629 militie
853 2557 983 2652 Templi
1001 2556 1142 2649 obtulit,
1164 2577 1299 2631 necnon
1323 2567 1359 2630 et
1380 2559 1518 2631 barcam
1541 2555 1589 2631 ad
1614 2579 1718 2629 usum
1740 2557 1897 2653 piscandi
1914 2579 1974 2654 par

563 2689 673 2754 toturn
696 2681 842 2754 fluvium
868 2681 1018 2771 lentini,
1047 2682 1229 2776 piscariam
1254 2682 1585 2777 quoquealosarum
1605 2681 1736 2777 inipso
1758 2681 1901 2754 flumina
1917 2683 1974 2754 vi-

562 2804 688 2878 delicet
705 2827 726 2878 a
745 2806 843 2878 Petra
865 2806 934 2878 lata
956 2817 1098 2900 quaest
1120 2808 1243 2879 subtus
1265 2807 1444 2880 ecclesiam
1472 2806 1587 2879 Sancti
1609 2807 1706 2878 Helia
1724 2809 1853 2878 consita
1871 2809 1973 2900 juxta

561 2931 673 3026 ripam
702 2930 812 3026 ipsius
840 2931 993 3003 fluminis
1022 2933 1204 3026 usquead
1230 2933 1429 3028 passagium
1455 2931 1571 3006 Sancti
1590 2929 1744 3024 Georgi,
1765 2931 1856 3003 sicut
1879 2929 1972 3004 idem

563 3075 679 3127 comm
703 3053 901 3150 Raynaldus
926 3064 1080 3150 tempore
1101 3077 1165 3128 suo
1189 3055 1301 3128 tenuit
1325 3065 1359 3129 et
1385 3057 1461 3152 ipsa
1487 3055 1613 3129 domus
1640 3063 1795 3150 temporo
1818 3055 1972 3150 predicto

559 3187 742 3273 parentum
768 3187 962 3252 nostrornm
993 3179 1102 3251 tenuit
1132 3188 1166 3251 et
1193 3176 1369 3274 possedit,
1398 3177 1602 3282 magnitudo
1627 3187 1744 3250 nostra
1771 3177 1973 3250 confirmare

559 3303 675 3376 cidem
698 3301 818 3376 domni
843 3303 1055 3398 dignaretur.
1080 3304 1150 3376 Nos
1167 3313 1284 3377 autem
1306 3302 1574 3398 supplicationes
1595 3324 1678 3376 suas
1700 3323 1804 3398 super
1822 3302 1889 3398 bys
1911 3301 1970 3375 be-

558 3429 701 3523 nignius
724 3427 962 3520 admittentes,
981 3427 1092 3502 divini
1110 3429 1236 3501 amoris
1252 3427 1380 3499 intuitu
1401 3427 1448 3500 ad
1469 3427 1569 3519 cujus
1588 3425 1753 3500 bonorem
1775 3433 1811 3498 at
1827 3425 1971 3521 gloriam

559 3553 684 3625 domus
705 3552 826 3624 militie
847 3552 977 3648 Templi
1001 3561 1196 3626 constructa
1214 3559 1282 3642 est,
1303 3571 1366 3646 pro
1385 3551 1495 3623 salute
1520 3558 1716 3646 quoquest
1738 3549 1972 3623 incolumitate

558 3687 675 3749 nostra
693 3697 826 3750 necnon
846 3683 880 3748 et
897 3697 960 3771 pro
975 3674 1128 3750 remedio
1148 3675 1342 3748 animarum
1359 3685 1541 3770 parentum
1562 3683 1757 3748 nostrorum
1777 3673 1835 3769 pie
1855 3693 1968 3746 recor·

555 3801 725 3892 dationis,
746 3799 860 3873 eidem
881 3800 1002 3872 domui
1019 3800 1140 3872 militie
1152 3799 1284 3894 Templi
1299 3799 1469 3894 prosatum
1487 3797 1712 3870 tenimentum
1727 3797 1824 3891 quod
1844 3795 1971 3868 dicitur

556 3927 747 3998 Pantannm
771 3925 906 3996 Salsum
930 3945 1010 3996 cum
1033 3923 1247 4018 pertinentiis
1267 3921 1357 4012 suis,
1378 3923 1518 3996 barcam
1539 3922 1585 3995 ad
1603 3943 1704 3992 usum
1728 3919 1887 4016 piscandi
1907 3943 1970 4016 per

554 4059 665 4124 totum
686 4049 834 4122 fluvium
850 4047 958 4120 libere
979 4057 1014 4120 et
1037 4047 1219 4142 piscariam
1238 4047 1409 4119 alosarnm
1428 4045 1465 4116 iu
1485 4045 1561 4140 ipso
1580 4043 1760 4116 fluminea
1780 4043 1879 4115 Petra
1900 4043 1969 4115 lata

556 4174 731 4270 usquead
749 4171 947 4270 passagium
965 4171 1079 4245 Sancti
1099 4171 1236 4266 Georgii
1254 4177 1419 4266 perpetuo
1440 4167 1663 4242 concedenda
1681 4176 1716 4240 et
1735 4163 1970 4238 confirmanda

557 4301 738 4375 duximus.
758 4299 809 4370 De
824 4295 933 4391 gratia
950 4317 1089 4390 quoque
1105 4305 1219 4370 nostre
1238 4293 1452 4366 liberalitatis
1472 4293 1696 4366 concedimus
1712 4289 1827 4362 sidem
1847 4287 1967 4362 domui

556 4425 687 4519 Templi
707 4431 747 4496 ut
762 4421 863 4494 liceat
880 4421 1042 4494 fratribus
1056 4421 1166 4514 ipsius
1182 4419 1307 4492 domus
1323 4439 1460 4491 sumere
1475 4439 1602 4512 aquam
1618 4417 1664 4490 ab
1681 4416 1757 4511 ipso
1774 4413 1917 4486 llumiua
1935 4423 1970 4486 at
2072 4453 2077 4460 -

553 4547 682 4620 ducere
699 4569 760 4642 per
779 4543 989 4617 conductum
1009 4565 1070 4639 per
1094 4551 1202 4616 terras
1223 4541 1334 4638 ipsius
1354 4539 1479 4614 domus
1502 4542 1538 4614 iu
1560 4561 1706 4636 parvum
1733 4537 1969 4634 pantanellum

552 4693 677 4764 sunm,
701 4677 736 4742 at
756 4667 938 4765 piscariam
956 4666 1004 4738 ibi
1021 4665 1150 4739 babere
1170 4664 1218 4737 ad
1236 4665 1417 4738 utilitatem
1445 4665 1555 4760 ipsius
1576 4662 1701 4738 domus
1720 4663 1827 4736 libere
1841 4670 1877 4734 et
1891 4661 1968 4734 sina
