4378 5954
509 571 568 634 ma
755 525 758 534 ¹
1007 570 1222 633 rrruuurcr
1246 571 1421 635 sucuuur
1733 571 1813 655 [uas.
1832 573 1919 636 reue.

513 716 553 779 ut
573 705 662 798 juris
687 714 739 780 est
764 707 927 780 volumus
951 706 1098 803 proinde
1124 705 1295 802 derogari.
1315 708 1451 780 Etenim
1473 707 1538 782 etsi
1559 707 1736 783 debilitate
1759 707 1924 804 temporis

513 830 796 904 monasteriorum
812 831 1125 904 constructionibus
1139 853 1208 904 non
1223 853 1389 905 vacemus
1402 853 1538 924 vacare,
1555 842 1733 904 teneamur
1746 853 1791 905 ex
1805 830 1922 904 debito

512 955 588 1050 ipsa
604 955 642 1026 iu
660 977 724 1028 sua
743 955 884 1047 justicia
902 956 1097 1029 contovere.
1118 954 1174 1028 Ad
1191 955 1298 1049 hujus
1312 965 1428 1030 autem
1447 967 1563 1029 nostre
1581 935 1766 1030 decisionis
1783 965 1817 1029 et
1833 973 1923 1050 eque

512 1080 739 1176 provisionis,
757 1080 1031 1173 constitutionis,
1052 1079 1363 1156 confirmationisve
1380 1081 1582 1156 memoriam
1598 1089 1633 1155 et
1645 1079 1846 1154 inviolabile
1861 1077 1925 1151 tir·

512 1214 739 1297 mamentnm,
759 1227 901 1302 presens
916 1204 999 1278 inde
1016 1205 1239 1303 privilegium
1255 1229 1457 1303 parmenus
1472 1205 1611 1281 Aldoiui
1626 1203 1924 1280 notariietlidelis

513 1329 619 1402 nostri
636 1329 739 1401 scribi
758 1343 793 1402 et
807 1339 923 1404 nostre
937 1331 1124 1424 maiestatis
1137 1331 1252 1426 sigillo
1262 1332 1431 1426 jussimus
1445 1330 1670 1423 communiri,
1683 1350 1793 1421 anno,
1807 1347 1925 1402 meuse

512 1464 546 1526 et
563 1453 752 1526 indictione
769 1453 986 1550 subscriptis.
1343 1538 1344 1541 Ἴ

561 1579 647 1652 Data
665 1579 702 1650 iu
719 1577 807 1650 urbe
829 1579 921 1652 felici
936 1579 1095 1651 Panormi
1111 1600 1174 1675 per
1191 1601 1315 1652 manus
1336 1579 1499 1654 Gualterii
1519 1578 1565 1652 de
1579 1578 1705 1651 Peleus
1719 1575 1927 1650 uenerabilis

516 1701 752 1776 cathaniensis
769 1703 920 1798 episcopi
934 1711 969 1776 et
986 1704 1084 1798 regui
1102 1704 1217 1776 Sicilie
1235 1706 1448 1793 cancellarii,
1467 1725 1559 1780 anno
1577 1702 1750 1776 dominice
1765 1701 1928 1773 iucarna-

515 1825 619 1899 tionis
637 1826 819 1899 millesimo
837 1827 1074 1900 ducentesimo
1086 1847 1195 1920 nouo,
1211 1849 1332 1902 meuse
1347 1828 1472 1920 madii,
1491 1827 1698 1901 duodecime
1710 1823 1924 1916 indictionis,

517 1952 614 2044 regni
633 1972 717 2023 vero
742 1949 873 2023 domini
897 1952 1002 2024 nostri
1026 1951 1191 2025 Friderici
1215 1953 1279 2026 Dei
1303 1953 1413 2048 gratia
1434 1951 1653 2026 illustrissimi
1676 1949 1769 2044 regis
1790 1948 1924 2042 Sicilie,

520 2075 669 2150 ducatus
683 2073 809 2172 Apulis
825 2083 860 2148 et
876 2075 1089 2174 principatus
1104 2077 1220 2174 Capue
1235 2099 1327 2152 anuo
1341 2077 1544 2170 undecimo,
1563 2075 1716 2150 feliciter.
1735 2063 1858 2148 Amen.

759 2391 1035 2408 u——n———q

348 2707 463 2818 effic.
573 2680 785 2765 Friderious
802 2707 870 2766 rex
888 2680 1037 2765 Siciliae
1053 2681 1220 2766 Rerardo
1238 2681 1519 2792 archiepiscopo
1535 2681 1692 2765 Berensi
1718 2691 1755 2766 et
1773 2707 1930 2768 sueces-

448 2857 451 2864 ·
521 2813 671 2898 sorihus
689 2814 772 2924 ejus
789 2815 829 2896 in
847 2825 1072 2926 perpetuum
1090 2815 1262 2899 concedit
1278 2827 1316 2898 et
1332 2815 1451 2898 donat
1466 2815 1592 2898 casale
1608 2815 1811 2900 Latertiem
1829 2815 1932 2926 quod
2043 2825 2045 2828 ’

522 2947 615 3032 olim
628 2947 750 3030 tenuit
761 2947 966 3032 Riocardus
979 2947 1202 3059 Logotheta,
1218 2949 1321 3033 salvo
1335 2948 1486 3034 servitio
1499 2949 1604 3060 quod
1617 2949 1743 3033 curiae
1757 2949 1929 3033 debenu.

607 3190 706 3272 (ΕΔΜ.
720 3191 884 3266 (imunt,
899 3191 981 3254 Seria
992 3191 1094 3254 crium
1105 3188 1148 3252 de’
1161 3207 1233 3254 ram.
1245 3197 1324 3272 part
1338 3191 1441 3254 Barcti
1455 3191 1553 3272 (Buri,
1568 3191 1666 3266 tell),
1680 3195 1756 3253 tom.
1770 3191 1797 3266 1,
1811 3207 1842 3269 p.
1859 3197 1933 3262 2873

644 3305 860 3378 etransnmptc
873 3299 1042 3362 authentico
1054 3315 1124 3362 euru
1141 3309 1218 3362 tm
1230 3303 1318 3380 Jussu
1331 3301 1476 3364 lohauuls
1492 3305 1565 3362 tnnc
1577 3298 1786 3378 archiepiscopi
1798 3299 1935 3364 Berensis

645 3407 822 3485 exemplato,
836 3416 870 3468 n⁰
881 3405 949 3485 Vl.)

576 3621 616 3692 Iu
636 3620 775 3694 nomine
797 3621 861 3694 Dei
877 3622 985 3695 eterni
1002 3631 1037 3696 et
1052 3621 1238 3696 Salvatoris
1255 3621 1362 3695 nostri
1380 3621 1483 3695 Jhesu
1502 3621 1645 3712 Christi,
1663 3619 1786 3694 Amen.
1811 3615 1935 3692 Frede·
2046 3715 2048 3718 ι

528 3743 622 3817 rious
640 3743 760 3817 divina
778 3745 915 3819 lavante
932 3745 1113 3820 clementia
1131 3767 1195 3818 rex
1212 3745 1342 3836 Sicilie,
1364 3744 1513 3820 ducatus
1531 3743 1657 3842 Apulis
1672 3753 1707 3817 et
1723 3739 1935 3842 principatus

529 3867 657 3966 Capue.
683 3869 839 3943 Preclara
863 3865 1017 3968 re[galis]
1041 3868 1210 3943 beneficia
1229 3869 1395 3965 largitatis
1413 3869 1633 3944 benemeritis
1650 3869 1807 3966 impensa
1824 3865 1936 3940 fidoli·

529 3993 613 4086 bus,
631 4013 830 4088 quanquam
848 3994 1011 4068 honorem
1030 3995 1107 4069 solii
1124 3995 1215 4068 lama
1227 3994 1429 4069 celebratior
1443 3995 1617 4090 loquatur,
1635 3993 1718 4068 iude
1732 3985 1876 4090 tam[eu]
1892 3988 1937 4064 ad

531 4118 656 4214 sceptri
673 4116 856 4214 proficiunt
872 4127 1129 4208 oruamentum,
1149 4142 1260 4214 quum
1277 4140 1375 4192 secra
1391 4117 1566 4214 regnantis
1581 4117 1725 4190 intentio
1739 4137 1811 4190 nou
1827 4115 1938 4189 solum

530 4241 661 4316 meritis
678 4242 815 4315 illorum
833 4243 895 4338 qui
914 4241 984 4317 fide
1001 4245 1057 4317 vel
1075 4243 1253 4340 obsequiis
1269 4243 1411 4338 regibus
1429 4241 1577 4316 cariores
1595 4241 1750 4317 existunt
1766 4238 1814 4314 ad
1828 4235 1941 4311 muni·

533 4363 668 4439 licentia
690 4389 793 4439 usum
812 4365 1010 4460 inducatur,
1032 4367 1095 4442 sed
1117 4377 1152 4442 et
1173 4369 1231 4464 pia
1253 4367 1525 4442 consideratione
1544 4367 1723 4440 celestium
1740 4373 1775 4438 et
1793 4381 1941 4460 superne

534 4489 769 4564 retributionis
783 4491 910 4565 intuitu
919 4501 1127 4589 provocatur
1137 4489 1200 4590 (c).
1216 4491 1301 4566 Cum
1316 4492 1422 4588 igitur
1434 4515 1497 4591 pre
1509 4491 1619 4567 oculis
1631 4490 1824 4566 habeamus
1837 4486 1941 4562 ualde

452 4660 459 4670 ’
574 4667 612 4750 (a)
631 4669 1101 4750 Intrunrurnptorctributr'onunr
1110 4670 1382 4755 tatuituprouoeut,
1395 4673 1494 4736 mluus
1506 4676 1597 4734 recte.
