4378 5954
527 572 568 634 82
1027 575 1241 638 aaronem!
1266 575 1440 638 succum
1747 579 1832 658 [Ass.
1848 579 1936 642 tsot.

529 733 729 805 quanquam
759 733 818 784 eos
847 709 892 784 de
917 711 1129 806 benignitate
1157 711 1258 786 Sedis
1286 711 1479 808 Apostolioe
1497 709 1701 786 duxerimus
1729 713 1935 789 tolemndos.

529 835 598 930 Ipsi
611 835 738 910 atenim
749 835 785 907 in
799 857 918 910 arcum
931 837 1088 912 conversi
1101 837 1158 912 vel
1169 837 1284 934 potins
1296 836 1434 910 adversi
1451 857 1666 933 perversum,
1678 837 1938 935 dispositionem

528 960 684 1052 ejusdem
715 960 941 1057 imperatricis
968 963 1041 1036 suis
1071 961 1411 1059 interpretationibus
1436 960 1686 1060 depravantes,
1711 963 1814 1036 inane
1839 963 1940 1036 nobis

528 1103 655 1156 nomen
675 1083 756 1156 balii
779 1085 1008 1179 reliquerunt,
1028 1086 1247 1160 detrabentes
1263 1085 1429 1160 bonoram
1445 1093 1480 1160 et
1498 1106 1587 1159 ouns
1603 1087 1820 1162 solummodo
1836 1087 1940 1160 relin-

528 1216 691 1301 quentes3
706 1207 772 1282 sibi
789 1209 893 1282 etiam
907 1211 1071 1286 universa
1086 1211 1275 1284 temeritate
1289 1211 1429 1308 propria
1446 1219 1676 1307 usurparunt,
1694 1209 1743 1284 ita
1759 1211 1855 1305 qnod
1864 1212 1939 1304 jam

527 1332 599 1404 iera
611 1341 719 1404 totum
729 1342 828 1406 tunm
841 1334 1042 1408 demanium
1055 1345 1173 1409 contra
1184 1336 1608 1432 prohibitionemnostram
1620 1333 1668 1408 ad
1680 1357 1799 1408 eornm
1808 1337 1940 1431 petitio

526 1477 606 1528 nem
624 1458 797 1530 obtentam
820 1459 961 1554 penitus
982 1460 1241 1554 ‘exhausemnt,
1260 1461 1442 1534 comitatus
1461 1469 1496 1534 et
1517 1459 1677 1534 baronias
1700 1481 1764 1556 pro
1785 1481 1849 1532 suo
1866 1460 1940 1534 dis·

526 1580 716 1655 nibnentes
735 1583 876 1656 arbitrio
898 1585 1085 1657 voluntatis
1108 1595 1148 1657 nt
1170 1607 1217 1658 ex
1234 1607 1276 1659 eo
1293 1587 1361 1659 sibi
1378 1587 1532 1660 levorem
1550 1583 1699 1682 amplius
1717 1593 1935 1680 comparent,

527 1713 562 1777 et
583 1725 663 1777 cnm
691 1727 840 1801 regnum
862 1707 1103 1781 exactionibus
1126 1709 1283 1806 plurimis
1301 1709 1539 1804 aggravarint,
1559 1708 1737 1782 collectam
1754 1707 1938 1804 pecuniam

526 1849 598 1902 non
611 1839 854 1904 converterunt
869 1831 905 1904 iu
926 1835 1146 1907 commodum
1162 1835 1297 1929 mptum
1312 1855 1376 1908 nec
1390 1834 1491 1907 uobis
1506 1832 1702 1907 secuudum
1718 1833 1939 1906 mustitntio-

528 1973 608 2024 nem
632 1953 857 2048 imperatricis
879 1957 987 2029 lactas
1005 1958 1228 2032 restituerunt
1247 1977 1437 2054 expensas,
1456 1955 1520 2030 sed
1536 1976 1601 2030 nec
1616 1975 1758 2028 censum
1781 1953 1937 2028 debitum

529 2095 595 2149 nac
606 2077 702 2172 quod
717 2077 840 2152 eadem
853 2079 1053 2176 imperatrix
1063 2081 1165 2156 nobis
1179 2089 1215 2155 et
1229 2081 1391 2155 iratribus
1405 2081 1531 2155 nostris
1544 2079 1644 2154 annis
1659 2079 1806 2174 singulis
1819 2079 1940 2152 statuit

529 2203 797 2297 persolvendum
814 2214 1024 2278 curaverunt
1040 2207 1232 2279 exsolvere.
1250 2205 1320 2280 Sed
1334 2227 1381 2278 ex
1392 2227 1435 2279 oa
1450 2204 1650 2279 ditaverunt
1666 2204 1939 2299 consanguineos

529 2345 612 2399 suos
630 2335 666 2398 et
682 2329 956 2423 consanguineas
972 2327 1198 2420 dotaverunt,
1215 2339 1255 2402 nt
1272 2339 1447 2404 taceamm
1468 2351 1510 2403 ea
1527 2351 1597 2424 qne
1619 2329 1687 2404 sibi
1705 2350 1786 2400 cum
1808 2329 1940 2402 loculos

528 2449 679 2524 habeant
694 2462 926 2526 reservarunt.
941 2454 1012 2527 Nos
1027 2454 1134 2549 igitur
1147 2454 1361 2529 attendentes
1377 2453 1474 2549 quod
1490 2455 1579 2528 sicm
1596 2462 1656 2527 tue
1670 2473 1811 2550 qnoque
1828 2453 1940 2526 littera

529 2576 766 2666 continebant,
786 2577 933 2672 pueritie
950 2586 1009 2651 tna
1025 2579 1154 2673 passim
1174 2577 1354 2652 domestici
1367 2599 1405 2652 se
1419 2586 1652 2675 opponerent,
1672 2577 1801 2672 passim
1818 2597 1857 2649 sa
1874 2575 1940 2649 ob-

524 2699 669 2792 jicerent
689 2701 812 2795 alieni,
839 2703 946 2775 immo
970 2703 1073 2776 etiam
1098 2704 1202 2778 homo
1218 2704 1315 2801 pacis
1332 2713 1392 2778 tue
1408 2705 1445 2776 in
1462 2723 1534 2799 qno
1550 2702 1713 2798 sperabas
1728 2702 1838 2797 etqui
1854 2702 1937 2777 ade·

527 2823 589 2897 bat
604 2846 712 2921 panes
726 2835 817 2918 tuos,
831 2827 1143 2923 supplantationem
1158 2827 1327 2902 adversas
1345 2837 1379 2902 te
1394 2836 1576 2901 curaverat
1592 2825 1771 2920 ampliare,
1788 2824 1834 2899 ad
1850 2845 1939 2920 pro-

528 2943 720 3038 genitorum
736 2953 875 3018 tuorum
888 2946 1067 3044 exemplar
1084 2947 1307 3039 recurrimus,
1321 2954 1356 3020 et
1372 2946 1463 3020 siout
1479 2945 1529 3018 eis
1546 2945 1741 3018 consultum
1752 2945 1876 3034 lucrat,
1888 2943 1938 3016 sio

530 3068 633 3142 etiam
660 3068 724 3142 tibi
749 3069 919 3144 duximus
941 3070 1206 3146 consulendum.
1232 3069 1438 3166 Accepimus
1465 3069 1593 3144 etenim
1616 3078 1652 3142 et
1675 3069 1839 3142 novimus
1862 3089 1939 3142 asse

528 3213 650 3266 verum
671 3192 767 3288 qnod
786 3215 866 3267 cnm
885 3194 1209 3268 illustrismemorie
1223 3195 1418 3269 Willelmus
1440 3193 1574 3291 primns
1590 3193 1705 3266 Sicilie
1726 3215 1791 3266 rox
1813 3193 1939 3265 multos

529 3317 574 3392 dc
591 3319 689 3413 regni
708 3319 884 3390 nobilibus
901 3319 1100 3394 inexilium
1118 3318 1339 3408 destinasset,
1354 3319 1378 3390 ii
1394 3319 1455 3415 qni
1474 3327 1552 3415 post
1568 3318 1645 3411 ejus
1659 3316 1792 3388 obitum
1810 3315 1939 3412 inclyte

527 3441 777 3516 recordationis
790 3441 953 3516 Willelmi
976 3443 1069 3536 regis
1084 3441 1199 3516 Sicilie
1222 3441 1283 3516 dlii
1301 3444 1377 3536 ejus
1397 3463 1517 3518 curam
1541 3451 1576 3515 et
1598 3437 1791 3514 custodiam
1818 3459 1939 3514 susce·

527 3575 665 3662 parunt,
683 3569 809 3659 ejectos
823 3565 870 3640 ad
882 3566 1022 3662 propria
1035 3577 1237 3640 revocantes
1249 3589 1361 3662 usqne
1376 3565 1465 3640 adeo
1479 3567 1573 3660 ipsos
1586 3585 1649 3660 per
1661 3563 1889 3638 revocationis
1904 3573 1939 3636 et

526 3689 751 3764 restitutionis
762 3691 969 3765 beneficium
988 3692 1026 3763 in
1046 3689 1211 3765 fidelitate
1223 3713 1265 3764 ac
1283 3689 1467 3764 devotione
1478 3689 1575 3781 regia
1588 3686 1781 3761 solidarunt
1801 3696 1841 3758 nt
1861 3686 1939 3757 nnl-

528 3816 585 3888 lus
608 3815 863 3912 progenitorum
879 3817 956 3908 ejus
973 3815 1010 3888 in
1027 3835 1069 3890 aa
1092 3837 1178 3912 pace
1199 3816 1345 3906 vixerit,
1365 3814 1481 3886 nnllns
1499 3833 1521 3886 a
1536 3809 1686 3886 subditis
1705 3811 1777 3883 snis
1797 3809 1849 3882 sic
1870 3812 1938 3882 ior-

529 3938 681 4014 midatns
695 3940 799 4014 luerit
814 3947 849 4012 et
864 3939 1028 4032 dilectus,
1049 3941 1167 4012 nullus
1185 3939 1232 4012 ita
1252 3939 1328 4035 paci
1346 3939 1444 4032 regni
1465 3935 1656 4033 providerit
1676 3943 1711 4008 et
1726 3933 1850 4029 quieti.
1869 3933 1939 4005 Ar-

530 4064 712 4139 tendontes
733 4064 837 4160 igitur
857 4065 952 4160 qnod
975 4065 1143 4140 Honricus
1163 4063 1340 4160 quondam
1361 4063 1557 4157 imperator,
1578 4059 1624 4134 de
1639 4079 1783 4134 muso
1798 4057 1940 4130 illustris

531 4427 603 4486 tifioa
620 4425 848 4487 confirmationem
862 4425 1048 4502 impetrasset,
1062 4423 1149 4482 lactus
1162 4423 1297 4481 Ecclesiae
1311 4421 1433 4496 rebellis,
1448 4427 1504 4478 tam
1519 4435 1536 4478 a
1551 4417 1738 4478 Panormitam
1751 4416 1816 4476 sodo
1829 4429 1938 4489 qrrama

529 4525 685 4598 Trojanansi
701 4523 834 4582 removeri
853 4529 995 4582 meruerat.
1008 4521 1114 4581 Gestari
1131 4526 1222 4578 autam
1238 4520 1382 4577 familiares
1401 4519 1473 4593 regis
1493 4532 1562 4592 quos
1583 4532 1633 4575 sua
1650 4531 1757 4590 quoquae
1777 4511 1940 4571 conscicntia

530 4623 680 4690 mordebat,
686 4623 807 4680 iecerunt
817 4635 867 4696 pro
879 4635 910 4678 sa
918 4619 1018 4695 pariter
1030 4624 1058 4676 et
1069 4633 1118 4692 pro
1130 4617 1176 4676 illo
1186 4617 1386 4676 intenoemorias
1399 4617 1502 4675 litteras
1513 4631 1599 4691 papae
1610 4609 1891 4689 praesentari,quious
1904 4607 1938 4666 ab

530 4720 685 4782 innocentio
699 4733 857 4794 responsum
869 4723 900 4776 nt
912 4733 984 4776 nnnc
1000 4716 1133 4776 videmus.
1144 4713 1184 4775 Cl.
1202 4716 1273 4776 dett.
1288 4715 1382 4774 lococ-
1401 4715 1465 4788 111,
1480 4729 1539 4789 cap.
1549 4711 1676 4772 mm.
