4434 5942
511 500 552 562 28
1011 505 1225 568 relocaret
1254 506 1429 568 saccom
1732 503 1812 584 [hm.
1832 503 1918 570 llas.

512 637 662 712 Canticis
677 641 806 734 legitur
818 644 1048 738 amplexatur,
1060 650 1099 713 ut
1112 641 1195 714 dum
1212 642 1288 736 ipsa
1305 651 1339 715 te
1352 643 1442 716 sicut
1456 640 1567 714 filium
1582 641 1719 732 foverit,
1731 663 1810 715 eum
1820 651 1922 735 aquo

513 763 616 836 castis
630 766 833 836 confovetur
845 763 1062 858 amplexibus
1071 765 1116 837 ad
1128 765 1269 836 tutelam
1283 775 1376 836 tuam
1388 775 1423 838 et
1432 765 1678 862 protectionem
1690 763 1923 838 iuducal.Nos

513 886 620 980 igitur
635 888 696 981 qui
721 897 834 982 preter
860 887 1016 960 debitum
1045 886 1223 982 pastoralis
1244 887 1348 960 officii
1372 910 1443 983 quo
1467 910 1588 960 sumus
1610 887 1757 980 singulis
1780 896 1815 960 et
1839 909 1923 983 prc-

512 1011 630 1082 sertim
648 1011 789 1106 pupillis
810 1021 844 1083 et
865 1011 1027 1106 orphanis
1052 1009 1237 1102 debitores,
1265 1021 1299 1084 te
1320 1021 1391 1084 tam
1409 1033 1450 1084 ea
1466 1012 1600 1084 ratione
1618 1011 1712 1106 quod
1731 1011 1850 1085 inclite
1868 1033 1922 1086 rc·

513 1133 723 1208 cordationis
750 1134 944 1208 Constantia
972 1135 1173 1230 imperatrix
1197 1143 1305 1208 mater
1330 1146 1391 1210 tua
1416 1147 1532 1208 nostre
1559 1145 1594 1208 te
1622 1137 1727 1208 tutele
1752 1137 1922 1210 commisit

512 1278 617 1350 quam
634 1279 676 1331 eo
693 1259 788 1354 quod
806 1281 952 1354 reguum
974 1259 1088 1332 Sicilie
1106 1259 1152 1332 ad
1166 1260 1410 1354 patrimonium
1426 1261 1580 1333 Ecclesie
1596 1260 1755 1353 pertinet,
1779 1261 1922 1356 diligero

512 1383 673 1455 volumus
689 1392 725 1454 et
741 1385 871 1474 lovere,
885 1384 932 1457 ad
949 1383 1198 1456 incrementum
1211 1393 1245 1455 et
1259 1383 1422 1457 honorem
1437 1385 1531 1478 regie
1545 1383 1777 1476 celsitudinis,
1794 1393 1922 1458 statum

511 1509 608 1604 regui
624 1517 660 1580 et
673 1506 828 1582 fidelium
844 1519 983 1581 tuorum
1001 1508 1203 1602 proiectum,
1215 1507 1320 1580 dante
1333 1509 1492 1600 Domino,
1504 1508 1690 1582 efficaciter
1703 1507 1922 1584 intendemus

512 1643 547 1708 et
564 1656 648 1728 erge
669 1643 704 1706 te
725 1642 903 1728 paternam
924 1631 1122 1704 curabimus
1140 1631 1405 1706 sollicitudinem
1422 1654 1597 1706 exercere.
1618 1633 1800 1706 Monemns
1818 1633 1924 1728 igitur

513 1760 730 1834 serenitatem
746 1765 842 1830 tuam
858 1764 893 1828 et
908 1764 1107 1828 exortamur
1126 1755 1162 1826 iu
1178 1755 1324 1827 Domino
1343 1756 1508 1850 quatinus
1523 1756 1617 1828 omui
1639 1758 1776 1852 ponitus
1789 1779 1923 1832 merore

516 1883 686 1979 deposito,
707 1881 864 1976 effugatis
879 1879 1020 1952 tristicie
1037 1879 1201 1966 tenebris,
1216 1881 1352 1952 exultes
1370 1879 1407 1950 in
1425 1879 1570 1954 Domino
1590 1889 1626 1952 et
1649 1880 1686 1952 iu
1705 1902 1747 1954 eo
1769 1883 1923 1958 consola·
2033 1895 2035 1900 '

516 1987 626 2080 cionis
638 2006 806 2100 suscipias
822 2004 1028 2077 medicinam
1043 2004 1104 2098 qui
1117 2026 1179 2098 pro
1194 2003 1372 2098 temporali
1388 2003 1601 2098 spiritualem
1617 2005 1681 2076 tihi
1698 2015 1830 2101 patrem
1844 2029 1922 2104 pro·

517 2130 609 2206 vidit
624 2139 659 2204 et
671 2130 708 2201 in
721 2129 841 2202 matris
855 2129 951 2202 obitu
964 2136 1107 2201 matrem
1119 2129 1308 2202 Ecclesiam
1322 2137 1477 2202 materna
1496 2129 1729 2216 sollicitudine
1742 2139 1801 2204 tue
1815 2131 1922 2205 indoli
2001 2135 2007 2150 ‘

518 2254 712 2350 deputavit,
727 2263 766 2325 ut
779 2251 1118 2350 lactuspostmodnm
1127 2252 1227 2326 viret
1240 2252 1277 2324 iu
1290 2253 1388 2346 regni
1404 2253 1491 2326 solio
1503 2251 1671 2326 solidatus
1683 2274 1761 2326 eam
1774 2255 1922 2351 amplius

516 2379 692 2454 venereris
709 2401 771 2476 per
786 2402 891 2476 quam
912 2388 945 2452 te
966 2379 1104 2452 noveris
1124 2379 1327 2452 exaltatum.
1347 2377 1463 2450 Dictos
1478 2385 1595 2450 eutem
1612 2378 1752 2451 nuutios
1771 2387 1850 2452 tuos
1870 2400 1924 2452 sa·

516 2503 653 2599 renitati
675 2513 735 2576 tue
753 2504 958 2600 propensius
976 2502 1278 2593 commendamus,
1296 2523 1386 2598 quos
1400 2499 1656 2595 magnificentie
1676 2510 1736 2574 tue
1752 2500 1871 2576 fideles
1888 2511 1924 2575 et

515 2628 553 2702 in
574 2627 766 2701 commissis
786 2627 853 2700 sihi
869 2628 1017 2723 negotiis
1034 2627 1250 2722 exequendis
1274 2627 1424 2701 solicitos
1444 2647 1565 2698 snmus
1587 2647 1630 2700 ac
1655 2625 1838 2720 diligentes
1861 2649 1924 2702 ex·

516 2753 623 2850 perti,
653 2761 815 2846 rogantes
838 2752 1078 2828 celsitudinem
1100 2761 1196 2826 tuam
1220 2761 1255 2826 et
1281 2762 1459 2826 monentes
1479 2760 1519 2825 ut
1543 2772 1604 2826 eos
1625 2751 1752 2826 iutuitu
1773 2751 1924 2845 benigno

514 2877 679 2974 respicias
692 2887 727 2950 et
742 2878 902 2951 honores.

570 3435 812 3522 Innocentius
837 3459 938 3543 pape
969 3429 1149 3542 Gregorio
1173 3431 1332 3514 Sanctae
1354 3411 1493 3516 Mariae
1520 3423 1564 3512 in
1587 3429 1739 3514 Porticu
1765 3428 1925 3512 diacono

517 3570 719 3678 cardinali,
740 3568 847 3652 Sedis
865 3565 1103 3676 Apostolicae
1120 3564 1160 3645 iu
1183 3564 1311 3648 Sicilia
1331 3565 1473 3676 legato,
1493 3563 1695 3648 committit
1719 3573 1763 3647 ut
1785 3563 1825 3645 in
1848 3588 1924 3644 ne-

519 3705 632 3817 gotiis
650 3701 758 3814 regui
776 3699 1006 3811 exequendis
1023 3697 1103 3781 rice
1121 3723 1191 3782 sua
1207 3699 1399 3808 procedat.

602 3919 698 4003 (Edit.
712 3922 745 3982 tu
756 3919 852 4000 Epist.
869 3920 1018 3985 lunarat.
1032 3921 1086 3998 111,
1102 3920 1155 3983 llh.
1169 3921 1196 3996 1,
1209 3930 1243 3982 a·
1256 3931 1325 3994 cca,
1340 3936 1390 3998 up.
1404 3921 1536 3996 Beuum,
1550 3925 1575 3982 t.
1590 3919 1617 3994 1,
1633 3937 1664 3998 p.
1680 3915 1765 3996 ευ.)

568 4107 799 4198 Innocentius,
813 4117 897 4202 etc,
911 4108 951 4181 G.
965 4109 1089 4182 Sancte
1099 4109 1206 4184 hlarie
1220 4110 1256 4182 in
1270 4109 1406 4182 Porticu
1422 4107 1571 4182 diacono
1583 4103 1765 4195 cardinali,
1776 4099 1927 4197 Aposto-

517 4235 583 4308 lice
596 4232 697 4308 Sedis
711 4235 836 4329 legato,
857 4243 923 4308 otc.
941 4233 1171 4307 Constantiam
1189 4242 1248 4306 tue
1261 4233 1398 4325 mentis,
1416 4231 1651 4329 prudentiam,
1667 4226 1926 4325 dispositionem

519 4359 556 4434 in
580 4359 700 4434 arduis
726 4361 874 4454 negotiis
902 4360 1098 4456 Apostolice
1117 4359 1217 4432 Sedis
1239 4360 1392 4456 experti,
1416 4358 1498 4431 certi
1527 4358 1631 4431 oliam
1658 4354 1704 4430 de
1727 4351 1927 4427 fortitudine

519 4508 624 4582 mam
644 4485 681 4557 in
699 4485 845 4580 negotiis
862 4483 961 4580 regui
978 4483 1092 4558 Sicilie
1111 4505 1174 4580 pru
1198 4493 1343 4556 statuet
1366 4483 1497 4558 honore
1518 4483 1629 4580 ipsius
1648 4473 1924 4566 manutenendo,

519 4611 626 4685 immo
651 4609 754 4684 etiam
780 4610 1016 4706 promovendo
1041 4609 1077 4682 in
1106 4609 1246 4702 melius,
1272 4617 1343 4682 tam
1366 4607 1490 4682 nostris
1516 4629 1623 4704 quam
1647 4603 1929 4703 predecessorum
