4382 5946
269 547 367 606 lucrm.
383 542 426 623 2]
715 538 913 602 HISTORIA
937 540 1229 604 ntruottaulca.
1616 542 1675 604 281

268 700 332 775 pro
347 677 527 750 manifesta
542 696 661 748 eorum
678 675 843 769 religione
860 677 978 750 lovere
995 687 1030 749 et
1047 677 1180 751 sincera
1202 699 1426 774 procuramus
1444 677 1603 773 amplecti
1621 678 1676 751 di·

267 803 425 877 lectione.
435 799 535 874 Unde
552 799 642 872 votis
657 820 776 872 eornm
791 809 826 872 et
838 800 942 892 justis
959 801 1181 895 petitionibus
1203 823 1305 875 aures
1321 802 1503 897 prebentes
1522 823 1673 894 serenas,

268 926 506 1016 donationem,
522 933 561 996 nt
578 923 827 1020 supradictum
841 934 912 1016 est,
931 925 1123 998 medietatis
1138 936 1337 1021 patronatus
1351 927 1493 999 ecclesie
1509 926 1554 999 de
1569 928 1676 1000 Morle

268 1051 466 1148 prodiviso,
477 1049 565 1120 sicut
576 1048 865 1143 perdonationem
877 1049 1034 1146 prelibati
1046 1051 1158 1146 patrui
1170 1052 1277 1123 nostri
1289 1062 1369 1124 sunt
1382 1052 1417 1124 in
1431 1053 1677 1146 plenaetjusta

268 1173 497 1269 possessione,
506 1179 682 1266 prenotate
691 1171 811 1244 domui
823 1173 1106 1246 Theutonicorum
1116 1185 1150 1247 et
1163 1175 1322 1247 fratribus
1333 1177 1408 1267 ejus
1418 1186 1585 1272 perpetuo
1594 1198 1675 1249 con-

269 1295 446 1370 firmamus
457 1305 607 1370 stratam
620 1294 748 1368 habere
760 1297 933 1386 volumus,
944 1297 1162 1370 donationem
1177 1299 1289 1393 patrui
1301 1301 1407 1372 nostri
1421 1300 1457 1371 in
1471 1301 1537 1372 hoc
1551 1321 1676 1395 appro-

270 1421 391 1494 bantes
410 1429 444 1492 et
458 1421 552 1514 regia
568 1419 768 1492 auctoritate
781 1421 1003 1495 stabilientes.
1022 1422 1209 1495 statuimus
1225 1423 1328 1496 otiam
1342 1433 1446 1518 atque
1461 1423 1677 1497 irrevocabili

269 1543 446 1616 sanctione
476 1542 693 1616 decernimus
718 1565 764 1617 ne
789 1545 916 1640 aliquis
945 1568 1182 1621 successorum
1216 1559 1428 1641 nostrorum,
1457 1560 1527 1622 tam
1555 1550 1677 1644 prelati

270 1670 384 1766 patrui
404 1669 511 1742 nostri
536 1678 758 1742 memoratam
783 1668 1014 1761 donationem,
1036 1695 1141 1767 quam
1169 1683 1283 1747 nostre
1311 1673 1530 1748 sublimitatis
1548 1673 1676 1747 confir-

270 1794 455 1866 mationem
478 1792 594 1888 aliquo
617 1815 771 1888 unquam
796 1803 947 1890 tempore
969 1795 1154 1888 intringere
1177 1807 1238 1870 aut
1260 1799 1327 1872 alia
1355 1822 1507 1894 unquam
1531 1820 1677 1896 persona

269 1940 359 1992 ausu
377 1918 555 1991 temerario
573 1918 623 1990 eis
639 1915 826 2012 aliqnando
838 1927 1013 2016 attemptet
1024 1921 1272 1994 contravenire.
1289 1920 1346 1995 Ad
1360 1923 1522 2016 majorem
1535 1945 1676 2020 quoque

270 2051 339 2114 tam
358 2041 545 2138 prescripto
566 2040 759 2114 donationis
779 2065 884 2136 quam
901 2052 1015 2118 nostre
1030 2043 1294 2119 confirmationis
1312 2047 1519 2122 evidentiam
1534 2061 1568 2121 et
1587 2049 1676 2122 irre-

269 2167 463 2239 vocabilem
485 2164 752 2258 firmitudinem,
778 2167 845 2240 hoc
867 2169 1033 2264 scriptum
1056 2170 1231 2266 sepedicte
1254 2171 1372 2246 domni
1395 2171 1603 2247 indulsimus
1626 2174 1674 2246 si·

269 2289 351 2384 gillo
366 2290 552 2384 majestatis
567 2299 682 2363 nostre
697 2311 777 2363 cum
794 2292 929 2364 testium
947 2293 1199 2390 subscriptione
1217 2297 1427 2369 roboratum.

317 2415 374 2486 ilii
400 2423 481 2488 sunt
504 2423 607 2488 testes
634 2413 795 2489 Albertus
820 2416 1025 2490 venerabilis
1046 2419 1353 2514 Magdeburgensis
1379 2419 1674 2516 archiepiscopus,

269 2539 454 2634 apostolice
478 2537 578 2612 Sedis
604 2540 758 2633 legatus,
782 2539 862 2614 Otto
885 2541 1180 2637 wirzeburgensis
1205 2543 1408 2639 episcopus,
1437 2543 1677 2638 Engelhardus

268 2663 576 2756 Niwenburgensis
608 2663 811 2758 episcopus,
841 2666 1021 2740 Heinricns
1047 2668 1155 2741 abbas
1181 2667 1372 2761 bagensis,
1401 2668 1585 2740 Ottalrarus
1612 2689 1677 2742 rex

266 2789 470 2860 Boemorum
499 2797 534 2860 et
559 2789 661 2860 frater
687 2809 773 2861 suns
798 2790 980 2863 Heinricus
1008 2791 1160 2864 marchio
1189 2791 1434 2883 Moraviensis,
1460 2793 1675 2864 Hermaunue

268 2911 481 3006 lantgravius
502 2912 707 3005 Thuringie,
731 2933 845 2986 comes
863 2913 1024 2988 Albertns
1042 2915 1087 2988 de
1104 2915 1299 3003 Eberstein‚
1320 2915 1502 2989 Heinricus
1522 2916 1567 2989 de
1587 2916 1675 2989 Cha·

269 3035 410 3110 landina
434 3037 642 3109 marscalcus
666 3037 818 3132 imperii,
846 3039 1052 3112 Cbnnradus
1071 3039 1116 3112 de
1138 3039 1214 3133 Sipl
1228 3040 1393 3135 pincerna
1411 3040 1563 3136 imperii,
1589 3041 1675 3114 Her·

267 3183 416 3233 mannus
433 3171 467 3235 et
483 3161 666 3234 Hainricns
682 3164 858 3237 camerarii
877 3165 1026 3261 imperii,
1038 3163 1164 3238 Albero
1179 3165 1225 3239 de
1240 3166 1406 3260 Podeme,
1427 3177 1461 3241 et
1479 3167 1537 3240 alii
1554 3187 1674 3262 quam·

267 3287 395 3380 plures.

314 3409 399 3482 Acta
417 3420 499 3482 sunt
515 3409 580 3483 bec
593 3430 684 3484 anno
701 3411 837 3484 Domini
853 3413 960 3485 nostri
974 3413 1080 3486 Jbesu
1098 3413 1220 3486 Christi
1239 3414 1420 3487 millesimo
1437 3414 1674 3491 ducentesimo

266 3533 356 3624 Xlll,
376 3533 564 3608 indictione
581 3535 746 3629 secunda,
763 3547 927 3629 regname
944 3536 1085 3610 domino
1102 3546 1217 3610 nostro
1234 3537 1408 3612 Friderioo
1428 3540 1595 3633 secundo,
1611 3541 1674 3613 Dei

267 3657 376 3750 gratia
393 3659 623 3731 Romanorum
641 3681 724 3753 rege
740 3668 774 3732 et
789 3681 924 3756 semper
944 3669 1092 3754 augusto
1109 3670 1144 3732 et
1160 3661 1307 3754 glorioso
1328 3683 1411 3757 rege
1428 3664 1561 3758 Sicilie,
1582 3687 1675 3740 anno

266 3781 364 3875 regni
380 3782 523 3854 Romani
537 3783 612 3874 ejus
625 3783 749 3878 primo,
767 3784 883 3858 Sicilie
895 3805 978 3858 vcro
996 3785 1086 3876 XVI,
1109 3785 1264 3859 feliciter.

313 3907 439 3978 Datum
455 3906 491 3978 in
509 3907 628 3981 castris
645 3909 741 4004 apud
756 3907 807 4006 (t)
811 3961 988 3983 ......
1012 3963 1023 4002 ,
1045 3909 1139 3982 Xllll
1156 3909 1321 3986 lralendas
1337 3913 1547 3987 novembris.

544 4105 713 4116 ——-.-..

301 4185 337 4259 (t)
355 4188 437 4246 Deest
445 4187 474 4245 in
487 4189 607 4262 originali
620 4189 720 4248 notatio
728 4189 788 4248 loci.
798 4190 859 4248 Non
872 4205 937 4248 vero
949 4207 986 4249 ex
998 4191 1107 4250 testium
1118 4191 1270 4252 nominibus
1283 4191 1457 4252 dubitandum
1469 4201 1513 4252 est
1524 4195 1589 4268 quin
1603 4211 1671 4270 aga·

265 4289 310 4341 tur
326 4283 360 4341 de
376 4285 492 4359 qnodmu
505 4286 635 4345 &ronias
648 4287 706 4346 loco
719 4287 791 4344 circa
804 4293 895 4362 partes
903 4288 1131 4348 brunswicenses.
1141 4291 1266 4363 Legimus
1278 4291 1350 4348 enim
1362 4289 1434 4364 apud
1450 4291 1590 4348 albertum
1603 4295 1672 4353 Sta-

264 4379 376 4438 densem
386 4399 392 4437 :
402 4402 415 4435 α
426 4383 483 4440 lter
496 4383 646 4442 Fridericus
658 4383 785 4442 Ottouem
794 4399 855 4442 cum
865 4385 962 4444 Boemo
976 4386 1108 4461 sequitur,
1120 4387 1279 4445 brunswich
1292 4385 1463 4460 obsessurum
1474 4387 1523 4446 sed
1537 4387 1670 4458 Qnedlin·

262 4477 365 4552 geburg
378 4480 553 4538 revortitur.»

340 4763 367 4827 1.
