4334 5980
502 561 561 624 194
1000 559 1214 622 ratntntci
1241 559 1416 622 saeuum
1720 559 1804 638 [iias.
1825 560 1912 620 tait.

501 697 727 772 intromittere
745 705 815 768 tum
836 717 900 792 par
917 715 1011 768 mare
1034 716 1141 789 qnam
1165 717 1226 792 per
1251 704 1377 769 terram
1397 694 1434 766 in
1457 691 1596 766 civitate
1619 701 1734 766 nostra
1756 695 1912 766 Panormi

503 831 641 898 eentum
660 821 786 894 salmas
800 819 961 893 frumenti
976 829 1011 892 et
1023 819 1145 893 hordei
1161 829 1195 894 et
1206 819 1328 894 vinum
1342 819 1398 890 vei
1414 837 1569 890 racemos
1586 827 1623 890 et
1640 819 1707 891 aiia
1723 818 1913 892 necessaria

504 967 566 1042 pro
581 944 742 1018 domibus
758 943 895 1034 vestris,
912 953 946 1016 et
964 943 1131 1018 ducentos
1146 952 1281 1018 tarenos
1296 965 1386 1039 quos
1404 940 1449 1015 de
1464 945 1618 1038 apotecis
1632 940 1850 1016 Amalfitanie
1864 941 1913 1036 (o)

502 1070 682 1144 annuatim
693 1068 821 1142 habere
829 1068 1111 1158 consuevistis,et
1122 1077 1260 1142 centnm
1274 1069 1400 1141 salmas
1412 1067 1575 1139 frumenti
1588 1075 1623 1139 et
1635 1067 1777 1162 triginta
1789 1068 1915 1139 salmas

503 1192 625 1268 hordei
639 1215 728 1289 quas
742 1193 787 1266 de
800 1192 895 1286 regia
914 1191 1049 1266 decima
1065 1193 1273 1266 Munoilimir
1285 1190 1331 1291 (d)
1344 1192 1497 1288 recipere
1512 1191 1755 1265 consuevistis.
1772 1191 1914 1287 insuper

481 1309 483 1320 ⁴
501 1319 723 1394 oonoedimns
736 1317 799 1390 tini
814 1318 945 1414 prefato
958 1319 1066 1392 eleeto
1084 1327 1119 1390 at
1139 1318 1380 1391 Panormitano
1400 1317 1545 1391 eoelesie
1558 1315 1604 1414 (c)
1620 1325 1655 1390 et
1672 1315 1913 1390 mnnmamns

500 1445 704 1517 Bruooatum
716 1465 796 1515 oum
811 1442 1017 1517 molendinis
1029 1451 1064 1514 et
1074 1443 1271 1516 tenimentis
1282 1442 1368 1531 anis,
1381 1443 1495 1516 casale
1501 1441 1588 1513 Galli
1600 1461 1681 1513 oum
1696 1441 1833 1514 villanis
1845 1451 1914 1514 tam

502 1567 637 1664 abipsa
652 1566 868 1663 imperatrice
878 1567 1167 1662 oonoesaisquam
1180 1569 1346 1663 iiiisqnos
1358 1567 1406 1640 ibi
1418 1565 1530 1640 tenuit
1543 1565 1687 1639 eooiesia
1699 1565 1910 1661 abantiquo,

504 1691 1439 1788 casaleBayde,caaaIeBurgesarragnietBuffarere(d)
1451 1713 1531 1764 oum
1542 1691 1706 1763 omnibns
1718 1691 1915 1764 tenimentis

502 1836 641 1906 aorum3
660 1825 695 1888 et
712 1816 749 1888 in
764 1813 921 1888 Calabria
939 1817 1051 1890 casale
1070 1817 1165 1911 quod
1184 1817 1310 1891 dioitur
1324 1819 1433 1890 [acm
1445 1816 1550 1908 juxta
1563 1815 1735 1905 Niootram
1751 1825 1786 1889 et
1803 1815 1917 1889 casale

504 1939 713 2014 Stiiiitanum
720 1938 824 2030 juxta
835 1937 991 2011 Miletum
1009 1939 1056 2036 (e)
1070 1961 1150 2014 oum
1168 1940 1364 2014 tenimentis
1380 1961 1522 2032 eorum;
1540 1939 1653 2012 oasale
1670 1939 1774 2011 etiam
1792 1939 1915 2012 Rakat-

497 2061 663 2158 stephani
688 2062 724 2134 in
755 2061 952 2136 tenimentis
980 2062 1149 2156 Biooaris,
1177 2063 1304 2137 casalia
1329 2083 1471 2158 quoque
1495 2071 1531 2136 et
1552 2069 1662 2136 totum
1691 2061 1916 2135 tenimentum

503 2185 636 2259 Platani
651 2194 686 2260 et
700 2185 862 2282 Captedis
879 2207 959 2260 oum
979 2186 1142 2260 omnibus
1165 2187 1360 2262 tenimentis
1376 2187 1468 2280 suis,
1492 2187 1582 2260 siout
1604 2185 1641 2260 in
1662 2186 1845 2283 privilegio
1863 2187 1916 2282 ip·

503 2307 577 2382 sios
595 2309 727 2384 domini
754 2309 968 2406 imperatoris
984 2309 1039 2406 (s)
1057 2312 1268 2406 eontinetur3
1289 2313 1438 2386 villanos
1453 2331 1596 2407 quoqne
1618 2319 1653 2382 et
1675 2309 1797 2405 predia
1820 2311 1917 2407 apud

498 2435 755 2532 Munzilvisnph
773 2435 824 2532 (p)
843 2437 1035 2510 cumomni
1054 2437 1134 2531 jure
1150 2448 1186 2512 et
1207 2439 1403 2513 tenimentis
1426 2459 1568 2529 eorum;
1592 2437 1819 2512 tenimentum
1839 2440 1915 2512 Bai·

500 2559 627 2653 lionae,
659 2559 780 2656 predia
816 2560 953 2656 Buloph
980 2559 1029 2658 (d)
1055 2561 1151 2657 apud
1180 2562 1360 2636 Petralium
1391 2571 1426 2636 et
1451 2561 1573 2658 predia
1604 2559 1700 2657 apud
1728 2560 1913 2654 Gangium.

499 2683 731 2759 Concedimus
760 2687 877 2780 itaque
906 2687 1008 2759 vobis
1033 2697 1067 2760 et
1094 2697 1261 2784 perpetuo
1292 2685 1536 2760 confirmamus
1563 2707 1685 2760 omnes
1711 2686 1857 2758 villanos
1882 2697 1915 2758 et

500 2810 756 2908 possessiones,
776 2811 917 2898 vineas,
935 2811 1075 2904 jardina
1101 2823 1136 2887 et
1158 2810 1278 2908 predia
1297 2813 1429 2886 urbana
1448 2823 1484 2886 et
1500 2811 1646 2900 rustica,
1669 2833 1779 2907 aquas
1801 2821 1837 2883 et
1860 2831 1915 2883 as-

500 2935 588 3008 sises
604 2957 791 3031 aquarum,
813 2957 948 3010 neonon
962 2959 1004 3011 ea
1021 2939 1137 3013 omnia
1145 2941 1224 3034 jura
1238 2947 1274 3011 et
1286 2937 1568 3028 consuetudines,
1587 2936 1789 3032 dignitates,
1811 2935 1915 3007 liber·

501 3068 588 3134 tates
606 3071 642 3132 et
657 3081 878 3155 quecumque
896 3061 971 3158 ipsa
989 3063 1231 3138 Panormitano
1248 3063 1391 3137 eeclesia
1409 3064 1446 3136 in
1460 3061 1636 3151 domibus,
1652 3060 1763 3134 furuis
1781 3068 1816 3132 et
1830 3079 1912 3154 apo-

501 3184 587 3258 teois
603 3193 638 3258 et
655 3185 763 3258 hortis
779 3195 813 3258 et
824 3185 861 3258 in
877 3187 955 3260 aliis
971 3189 1191 3262 oonoessione
1208 3187 1423 3286 pontificum,
1439 3188 1619 3283 largitione
1630 3207 1765 3280 regum,
1784 3183 1914 3258 ducum

502 3317 538 3382 et
553 3309 766 3407 principum,
785 3310 878 3385 dono
892 3313 1057 3385 uomitum
1076 3315 1132 3386 vel
1157 3314 1327 3386 baronum
1351 3321 1385 3386 ot
1401 3313 1546 3386 aliorum
1567 3311 1741 3385 oblatione
1758 3307 1914 3382 fidelium

502 3431 539 3505 in
565 3433 705 3508 civitate
726 3434 886 3509 Panormi
908 3437 965 3510 vei
994 3437 1077 3510 aiibi
1103 3437 1317 3532 ubicumque
1346 3459 1408 3534 per
1436 3459 1582 3533 regnum
1608 3444 1762 3510 nostrum
1788 3433 1915 3506 habere

502 3555 717 3651 dignoscitur
732 3567 766 3632 et
785 3569 912 3654 tenere,
930 3561 986 3633 vel
1002 3561 1154 3636 inantea
1169 3563 1272 3656 justis
1288 3561 1401 3636 modis
1417 3570 1589 3660 prestante
1607 3559 1752 3633 Domino
1767 3557 1916 3654 potuerit

503 3678 670 3776 adipisci,
688 3692 729 3754 ut
744 3705 879 3779 semper
897 3685 997 3758 vobis
1018 3695 1053 3758 et
1072 3687 1186 3761 eidem
1212 3687 1358 3761 ecclesie
1384 3685 1483 3759 firma
1511 3695 1546 3759 et
1563 3685 1694 3758 illibata
1715 3683 1910 3780 persistant.

503 3803 610 3900 Regia
625 3827 766 3900 qnoque
784 3807 997 3902 benignitate
1020 3809 1244 3884 concedimus
1261 3819 1299 3884 ut
1314 3811 1344 3885 si
1362 3811 1442 3908 quis
1455 3809 1501 3884 de
1517 3808 1650 3882 clericis
1665 3805 1915 3882 Panormitanis

543 3958 584 4032 (a)
607 3955 665 4034 Ap.
682 3958 848 4036 Mongitore
860 3955 1024 4039 malfitani.

543 4062 584 4144 (b)
607 4065 722 4128 Ibidem
740 4061 909 4130 Melzelmir.

543 4171 580 4253 (o)
607 4171 991 4236 Additurinaltoomotdua
1002 4171 1644 4258 amineamrordotodtrpapatonm.

544 4277 588 4360 (d)
607 4279 663 4358 Ap.
674 4282 838 4360 Mongitore
850 4281 1089 4364 Burqaoanrrupa
1102 4290 1131 4346 et
1143 4285 1275 4366 Basoret.

544 4384 582 4466 (ι)
607 4387 721 4449 Ibidem
733 4385 1013 4472 Stillatioumjaxta
1025 4387 1194 4454 Manatum.

543 4491 589 4572 U)
609 4492 723 4555 ibidem
735 4491 849 4555 mosim
864 4495 1059 4576 imperatricis
1069 4493 1199 4576 pontus.

545 4597 587 4680 (p)
609 4599 723 4662 ibidem
735 4598 817 4680 oprtd
830 4602 984 4665 cama
996 4609 1025 4664 et
1035 4599 1117 4684 apud
1124 4599 1339 4685 Montanum.

546 4701 586 4785 (d)
609 4704 722 4768 lbidem
736 4703 863 4769 Ballione
876 4739 916 4757 -
928 4705 1036 4789 Bolplt.
