4382 5946
1073 533 1287 595 voluntte!
1315 533 1490 594 succum
1790 538 1871 618 [Αιι.
1890 541 1976 606 121³.

425 1183 447 1210 ,ο
474 1180 539 1220 Μ
624 1097 748 1182 Tenon
768 1099 855 1182 novi
878 1099 1085 1208 juramenti
1110 1127 1133 1183 a
1158 1100 1349 1186 friderico
1374 1047 1634 1188 ilomanorum
1655 1131 1744 1214 rege
1761 1103 1976 1188 innocentio

409 1225 435 1266 ¹²
450 1225 487 1264 '¹¹¹'
570 1257 722 1316 summo
739 1231 906 1340 pondfici
925 1235 1028 1342 apud
1044 1231 1188 1344 Egram
1206 1237 1390 1344 praestiti.

651 1477 767 1551 (lldtdlt
781 1474 1120 1560 enneacrunos,
1139 1485 1163 1538 t
1183 1477 1271 1552 xlx,
1286 1496 1316 1556 p.
1336 1487 1454 1541 1os.-
1470 1479 1625 1541 Memorat.
1639 1497 1687 1558 ep
1709 1481 1823 1560 sz,
1844 1480 1972 1541 Hm.

688 1583 798 1644 soror.
810 1584 957 1659 omae,
970 1585 1231 1662 ton.1v,p.aes,
1246 1591 1317 1646 nou
1332 1589 1372 1660 ι.)

471 1839 485 1854 ·
618 1799 657 1868 ln
680 1799 820 1870 nomine
838 1809 955 1870 sancte
974 1808 1009 1870 et
1027 1797 1211 1872 individue
1227 1799 1413 1870 Trinitatis.
1427 1795 1550 1870 Amen.
1563 1797 1638 1892 Ego
1651 1797 1846 1871 Fridericns
1867 1799 1896 1870 ll
1914 1799 1974 1869 Ilei

570 1921 679 2015 gratia
703 1921 931 1994 Romanorum
958 1943 1022 1994 rex
1048 1931 1083 1994 et
1109 1943 1244 2016 semper
1265 1932 1435 2016 angustus
1460 1933 1495 1994 et
1517 1943 1581 1994 rex
1605 1922 1736 2012 Sicilie,
1756 1923 1819 1993 tibi
1837 1921 1974 1994 domino

556 2064 648 2115 mco
661 2045 874 2116 sanctissimo
890 2067 931 2118 ac
946 2046 1032 2140 patri
1048 2046 1223 2117 carissimo
1243 2045 1438 2118 Innocentio
1459 2065 1549 2141 pape
1572 2045 1618 2116 lll
1639 2045 1778 2140 tuisque
1797 2065 1973 2118 snccmsc-

570 2165 668 2236 ribue
685 2176 719 2238 et
741 2167 891 2240 Ecclesie
910 2169 1079 2260 llomane,
1105 2167 1321 2264 presentibus
1337 2165 1539 2260 snbsoiptis
1555 2166 1768 2261 principibus
1791 2167 1924 2261 imperii
1942 2177 1975 2238 et

571 2277 758 2376 nobilibus,
768 2292 934 2386 spondeo,
946 2293 1108 2387 polliceor
1118 2301 1154 2364 et
1165 2293 1326 2386 promitto
1345 2301 1380 2363 et
1391 2292 1471 2383 juro
1486 2289 1582 2384 qnod
1596 2311 1715 2362 omnes
1730 2291 1971 2384 possessiones,

571 2413 718 2487 honores
735 2425 769 2489 et
783 2418 861 2508 jura
878 2419 1031 2490 Romane
1055 2418 1208 2490 Ecolesie
1230 2438 1293 2512 pro
1316 2437 1417 2512 posse
1442 2437 1520 2487 meo
1539 2416 1629 2487 bona
1652 2413 1722 2487 lide
1742 2425 1917 2510 protegam
1941 2425 1975 2486 et

570 2541 728 2611 servabo.
743 2541 976 2615 possessiones
993 2551 1109 2615 autem
1127 2563 1215 2636 qnos
1231 2540 1384 2612 Ecclesia
1399 2541 1553 2612 Romana
1572 2539 1786 2633 recupemvit
1806 2538 1930 2610 liberas
1942 2547 1975 2608 et

569 2663 704 2756 quietos
721 2664 788 2740 sibi
805 2666 992 2754 dimittam,
1006 2677 1041 2737 et
1055 2667 1166 2760 ipsam
1183 2663 1229 2737 ad
1244 2685 1304 2736 eas
1322 2661 1520 2736 retinendos
1535 2664 1626 2735 bona
1640 2661 1710 2734 lide
1721 2661 1869 2753 juvab03
1888 2682 1974 2754 ques

569 2795 685 2858 autem
701 2787 855 2860 nondum
870 2789 1103 2883 recuperavit,
1120 2786 1257 2878 adjutor
1276 2807 1336 2859 ero
1356 2785 1403 2858 ad
1420 2785 1693 2882 recuperandum
1713 2795 1749 2858 et
1762 2793 1974 2878 recuperata·

571 2933 647 2982 rum
665 2911 856 2984 secundnm
874 2933 974 3006 posse
989 2933 1105 2984 meum
1127 2933 1186 2984 ero
1207 2912 1283 2984 sine
1306 2909 1427 2983 lraude
1451 2909 1623 3001 defensor,
1641 2919 1677 2982 et
1692 2930 1910 3004 quecumque
1929 2907 1974 2979 ad

569 3057 694 3108 manue
712 3057 806 3109 meas
821 3035 1025 3125 devenient,
1040 3037 1117 3109 eine
1127 3035 1327 3109 difficultate
1338 3035 1518 3108 restituere
1531 3031 1803 3130 procurabunt
1819 3033 1882 3106 bas
1897 3053 1974 3126 per·

570 3159 654 3232 tinet
669 3169 739 3232 tota
755 3171 844 3234 terra
865 3181 936 3254 que
957 3169 1009 3232 est
1030 3182 1051 3232 a
1075 3158 1285 3232 lladieolano
1306 3179 1416 3253 omne
1430 3157 1662 3254 Ceperanum,
1681 3157 1887 3230 exarchatus
1905 3158 1975 3228 lla·

569 3304 703 3372 venne,
718 3285 929 3378 Pentapolis,
952 3283 1104 3355 marchia
1121 3283 1352 3374 Anconitana,
1368 3281 1515 3355 ducatus
1533 3283 1754 3376 Spclctanns,
1770 3289 1862 3352 term
1875 3279 1975 3352 comi·

569 3405 651 3478 tisse
663 3407 852 3498 blathildis,
867 3409 1050 3480 comitatus
1063 3407 1276 3495 Brittencrii,
1293 3428 1372 3478 cum
1387 3405 1626 3499 adjacentibus
1641 3405 1739 3477 terris
1752 3403 1923 3499 exproesis
1938 3404 1975 3474 in

570 3531 687 3602 multis
705 3531 897 3626 privilegiis
909 3531 1190 3627 imperatornme
1207 3541 1360 3627 tempore
1374 3529 1555 3602 ludovici.
1572 3531 1642 3601 llas
1655 3549 1775 3602 omnes
1794 3549 1857 3622 pro
1877 3547 1974 3622 posse

571 3674 649 3724 meo
672 3655 849 3728 restituam
873 3664 908 3727 et
930 3655 1048 3750 quiete
1069 3655 1238 3728 dimittam
1262 3677 1342 3728 cnm
1369 3655 1463 3726 omni
1480 3653 1736 3747 jurisdictione,
1761 3651 1918 3726 districtu
1942 3661 1976 3723 at

571 3776 701 3850 bonore
718 3799 794 3850 suc.
810 3780 1052 3850 Verumtamen
1076 3801 1157 3851 cum
1180 3779 1226 3851 ad
1252 3777 1486 3874 recipiendam
1508 3799 1670 3850 concnam
1688 3776 1823 3871 imperii
1841 3777 1897 3848 vel
1916 3795 1975 3871 pro

570 3903 830 3974 necessitatibus
845 3903 995 3976 Ecclesie
1010 3903 1055 3975 ab
1069 3901 1261 3998 Apostolica
1277 3899 1367 3975 Sede
1383 3911 1527 3976 vocatus
1543 3923 1732 3992 accessero,
1753 3901 1799 3973 de
1817 3898 1974 3972 mandato

570 4027 697 4100 summi
717 4026 888 4124 pontilicis
907 4028 1076 4124 accipiam
1098 4029 1370 4124 procurationem
1395 4029 1526 4100 abeis.
1550 4027 1696 4120 Adjutor
1720 4025 1825 4099 etiam
1846 4046 1906 4097 erc
1930 4022 1974 4096 ad

571 4151 788 4224 retinendum
805 4161 839 4225 et
857 4151 1116 4225 defendendum
1136 4153 1288 4225 Ecclesic
1301 4153 1454 4226 Romane
1472 4149 1855 4245 emensieniensi
1874 4148 1974 4220 ctiam

570 4275 710 4350 domino
728 4298 805 4349 meo
821 4277 1018 4350 Innocentio
1033 4297 1121 4370 pape
1138 4285 1173 4348 et
1186 4277 1443 4350 successoribus
1457 4275 1527 4348 tuis
1540 4295 1677 4348 omnem
1697 4271 1928 4344 obedientiam
1943 4279 1977 4342 et

569 4399 863 4474 honorificentiam
880 4399 1067 4491 exhibebo,
1080 4421 1185 4494 quam
1200 4399 1316 4474 devoti
1330 4410 1366 4472 et
1380 4399 1536 4472 catholici
1555 4397 1777 4494 imperatores
1789 4415 1976 4468 consueve-

568 4533 649 4594 runt
674 4524 756 4596 Sedi
775 4527 970 4620 Apostolice
992 4525 1177 4607 exbibere;
1194 4525 1270 4598 etsi
1285 4535 1425 4619 propter
1445 4523 1623 4618 negotium
1649 4543 1766 4594 meum
1790 4521 1975 4592 Romanam

567 4647 754 4720 Ecclesiam
779 4649 965 4744 oportuerit
991 4649 1165 4721 incurrere
1190 4669 1367 4744 guerram,
1393 4647 1596 4721 subveniam
1621 4647 1652 4719 ei
1679 4645 1769 4718 sicut
1792 4643 1975 4716 necessitas
