4378 5954
556 545 613 608 lte
1056 545 1271 608 lbtohutcl
1297 547 1472 610 securint
1777 546 1858 632 [lias.
1876 547 1962 612 lece.

555 680 679 758 cedula
706 703 812 777 quam
839 679 902 754 tibi
926 681 1144 778 presentibus
1169 683 1338 756 mittimus
1363 683 1585 756 interclusam
1612 694 1646 755 te
1675 682 1800 778 poterit
1827 684 1965 780 plenius

554 803 712 880 edocere.
740 805 921 880 Monemus
951 805 1058 900 igitur
1083 807 1303 882 serenitatem
1335 809 1466 903 regiam
1492 815 1527 880 et
1552 805 1777 880 exhommnr
1802 807 1965 881 attentius

553 938 725 1028 qnatenus
745 928 864 1004 divine
881 929 1167 1006 considerationis
1185 933 1313 1006 intuitu
1333 933 1379 1008 de
1395 940 1508 1006 cetero
1525 951 1596 1005 non
1612 937 1757 1004 attentes
1774 929 1838 1004 tibi
1850 930 1964 1024 juris-

553 1055 740 1130 dictionem
761 1054 798 1126 in
823 1053 1060 1151 spiritualibus
1081 1053 1279 1146 vindicare,
1300 1077 1345 1130 ne
1364 1065 1484 1130 contra
1503 1063 1538 1129 te
1561 1075 1603 1128 ac
1620 1074 1767 1149 regnum
1786 1061 1884 1126 tuum
1901 1054 1963 1129 di-

550 1179 670 1254 vinam
695 1187 833 1275 propter
858 1179 925 1254 hoc
949 1199 1118 1276 provoces
1139 1183 1369 1275 maiestatem,
1389 1181 1453 1255 sed
1478 1181 1515 1254 in
1541 1179 1726 1254 devotione
1749 1188 1964 1254 sacmsaneto

549 1303 702 1378 Romane
719 1302 871 1376 Ecclesia
889 1303 1008 1376 matris
1022 1312 1082 1378 tue
1099 1302 1243 1380 tirmiter
1262 1325 1502 1401 perseverans,
1523 1301 1638 1377 eidem
1654 1301 1884 1378 reverentiam
1898 1301 1961 1376 de·

550 1428 658 1502 bitem
673 1426 842 1502 exhibeas
861 1436 898 1502 et
911 1427 1090 1520 honorem,
1112 1449 1183 1524 qne
1198 1429 1288 1504 sicut
1304 1429 1362 1525 pia
1377 1439 1487 1502 meter
1509 1428 1547 1502 in
1568 1427 1611 1501 iis
1626 1435 1662 1501 et
1675 1426 1754 1502 aliis
1769 1425 1962 1500 necomitati

549 1572 592 1628 ec
612 1549 751 1623 utilitati
772 1557 832 1624 tue
857 1548 1013 1644 diligenti
1029 1549 1260 1625 sollicitudine
1284 1549 1500 1646 providebit,
1517 1559 1551 1624 ct
1569 1549 1720 1644 prelatos
1737 1547 1880 1622 clericos
1902 1569 1962 1622 re-

550 1695 655 1750 voces
670 1681 705 1748 et
720 1670 897 1772 permittes
915 1673 952 1746 in
967 1682 1057 1748 terra
1075 1683 1136 1750 tua
1151 1673 1295 1772 pacifice
1308 1677 1512 1750 commorari
1534 1681 1569 1748 et
1584 1695 1651 1752 sna
1666 1672 1835 1748 beneficia
1854 1673 1962 1748 libore

551 1798 747 1898 possidere;
768 1797 946 1874 dimittens
964 1797 1105 1872 omnino
1125 1817 1303 1874 rancorem
1326 1818 1432 1894 quem
1455 1805 1573 1873 eontm
1595 1818 1654 1872 eos
1676 1807 1816 1894 propter
1837 1797 1963 1893 appel·

551 1924 714 1998 lationem
731 1922 777 1996 ab
792 1921 878 2018 ipsis
894 1921 942 1998 ad
960 1945 1023 1998 nos
1036 1923 1272 2022 interpositam
1285 1923 1491 2020 concepisti,
1511 1923 1661 1998 sciturus
1676 1942 1740 2018 pro
1758 1929 1850 1996 certo
1865 1919 1962 2016 qnod

551 2069 617 2124 nos
641 2047 865 2123 constitutum
890 2045 936 2121 de
961 2048 1187 2124 electionibus
1212 2048 1302 2122 inter
1328 2069 1392 2124 nos
1415 2058 1450 2124 at
1473 2047 1684 2144 sepedictam
1711 2045 1962 2144 imperatricem

551 2182 696 2250 matram
722 2181 818 2248 tuam
836 2172 994 2246 habitum
1010 2195 1073 2270 per
1091 2183 1200 2251 totum
1226 2195 1372 2270 reguum
1395 2173 1559 2250 iaciemus
1576 2171 1774 2246 solemniter
1793 2169 1962 2268 publicari

552 2309 592 2374 nt
616 2297 809 2374 secundum
832 2296 920 2372 illud
944 2298 1129 2372 electiones
1150 2297 1196 2374 de
1220 2308 1334 2374 cetero
1351 2299 1579 2374 celebrentur.
1601 2297 1754 2372 Caveant
1771 2305 1889 2370 antem
1911 2293 1961 2367 illi

552 2424 614 2521 qui
633 2431 668 2498 te
683 2421 854 2520 perversis
871 2423 1023 2497 consiliis
1048 2445 1117 2497 non
1139 2431 1298 2498 metuunt
1318 2423 1486 2498 fascinare
1506 2444 1552 2498 ne
1574 2443 1679 2519 snper
1693 2419 1761 2495 hoc
1777 2419 1824 2494 de
1849 2427 1962 2494 cetero

552 2547 796 2644 malignentur,
820 2547 903 2644 quia
922 2547 1077 2622 divinam
1095 2556 1132 2622 et
1144 2556 1296 2622 nostram
1311 2569 1381 2622 non
1393 2547 1561 2643 effugient
1575 2546 1761 2638 ultionem3
1776 2567 1857 2618 oum
1875 2544 1961 2618 tole·

551 2673 695 2748 rabilius
711 2672 755 2746 sit
776 2681 816 2746 nt
833 2671 985 2749 hnmana
1001 2673 1155 2749 vindicta
1170 2673 1340 2770 percebot
1356 2693 1574 2770 perversores
1585 2693 1693 2767 qnam
1711 2670 1764 2744 ira
1783 2669 1905 2744 divina
1923 2668 1961 2742 in

551 2808 586 2872 te
612 2818 655 2871 ac
681 2818 828 2892 mgnum
854 2777 960 2872 tunm
974 2807 1112 2897 propter
1128 2819 1247 2874 eornm
1275 2791 1473 2894 iniquitates
1501 2797 1657 2872 deseviat
1683 2795 1714 2870 si
1737 2793 1962 2870 remanserint

550 2925 751 2998 incorrecte.

601 3048 725 3122 Datum
743 3047 913 3137 labrem,
933 3046 1060 3122 Vidua
1078 3048 1248 3143 ianuarii,
1271 3046 1491 3146 pontiheatus
1515 3047 1622 3124 nosbi
1646 3066 1738 3121 anno
1759 3043 1956 3120 undecimo.

356 3629 515 3730 'ml‘
602 3601 816 3693 Fridericus
838 3625 905 3685 rex
927 3597 1075 3684 Siciliae
1096 3595 1290 3683 loannieio
1308 3595 1625 3684 archimandritae
1642 3595 1802 3679 Sanctae
1821 3593 1962 3680 Mariae

375 3715 494 3787 ’Μ
551 3743 601 3826 de
616 3740 769 3824 Terceto
785 3743 824 3818 et
840 3731 1019 3818 ecclesiae
1035 3730 1118 3842 ejus
1136 3730 1336 3814 confirmat
1352 3731 1482 3814 omnia
1506 3729 1702 3841 privilegia
1720 3737 1758 3813 et
1771 3727 1960 3813 obedien-

547 3877 623 3962 tias
640 3870 812 3984 ejusdem
828 3866 869 3950 in
887 3864 1103 3950 tenimentis
1119 3863 1246 3976 Regii,
1261 3865 1405 3971 Mesae,
1422 3864 1582 3948 Sanctae
1594 3861 1761 3974 Agathos
1778 3870 1817 3946 et
1833 3859 1960 3946 Sancti

549 4007 668 4097 Niceti
685 4028 775 4088 eum
792 3999 992 4086 medietate
1010 3997 1153 4086 salinae
1174 4007 1212 4082 et
1229 3997 1452 4099 obedientiis
1475 3995 1626 4104 Tuohii,
1642 3995 1803 4108 aliisqrre
1819 3995 1960 4082 immu-

550 4137 747 4228 nitatibus.

629 4352 745 4433 (msett
762 4365 801 4412 ex
820 4363 951 4428 pergam.
967 4345 1089 4428 origin„
1103 4345 1135 4407 in
1148 4343 1230 4407 arch.
1245 4343 1281 4406 b.
1299 4343 1476 4423 Volplcellas
1495 4343 1653 4424 Neapolita
1669 4343 1721 4407 ubl
1743 4345 1882 4424 leguntur
1901 4343 1959 4406 dno

670 4459 824 4542 previlegio
833 4455 953 4536 Roganti
962 4455 1050 4532 prlmt
1063 4458 1093 4514 et
1105 4451 1224 4515 mcnndl
1238 4457 1269 4512 et
1279 4453 1337 4512 tnta
1348 4450 1487 4514 ibidedci
1499 4453 1603 4512 nmtrl.
1615 4449 1703 4525 Quod
1715 4450 1836 4530 quidem
1849 4451 1959 4510 lusten-

671 4571 803 4630 mentum
816 4565 848 4624 in
860 4563 1010 4641 integrum
1023 4559 1063 4622 ad
1076 4556 1960 4638 ann.122⁴,menseJnllo,poeteadaturl,blctantnmmodo

670 4675 769 4737 locum
776 4711 787 4748 ,
800 4683 913 4733 annum
926 4673 957 4730 et
968 4681 1102 4730 menum
1113 4665 1153 4728 ed
1164 4664 1328 4728 ornandam
1338 4664 1581 4728 documentorum
1593 4665 1698 4728 mem
1711 4661 1909 4744 exhibemus)
