4378 5954
258 533 357 598 laetor.
375 533 436 614 la]
705 532 900 594 HISTORIA
925 529 1216 592 ulrnouartcs
1612 527 1664 592 161

305 669 507 746 Fredsricus
510 721 858 742 ...........
879 691 942 742 rex
959 668 1086 760 Sicilie,
1105 667 1254 740 ducatus
1268 665 1392 764 Apulia
1406 675 1441 740 et
1458 666 1669 762 principatus

255 794 374 890 'Capua
396 794 460 890 (l).
482 795 522 866 ln
549 801 733 888 conspectu
758 793 879 867 divine
897 795 1081 886 majestatis
1086 841 1665 866 ..................

258 973 268 992 .
293 972 303 991 .
328 973 336 989 .
362 971 371 989 .
392 917 478 992 Cum
496 939 579 1012 ergo
596 918 643 990 ob
660 917 889 992 reverentiam
903 917 1008 1011 Regis
1025 941 1147 1012 regum
1164 917 1323 1012 religiosa
1338 919 1413 990 loca
1429 917 1488 1013 pin
1501 914 1669 990 couside-

256 1044 390 1118 ratione
413 1043 582 1138 respicere
603 1052 798 1135 teneamur,
825 1041 1081 1116 considerantes
1108 1043 1271 1138 precipue
1297 1043 1465 1114 fervorem
1492 1040 1669 1136 religionis

257 1190 328 1264 qne
347 1169 383 1240 in
399 1188 497 1240 sacro
519 1167 725 1240 monasterio
744 1166 842 1260 quod
860 1167 959 1239 Porta
976 1167 1040 1240 celi
1059 1167 1185 1238 dieitur
1202 1177 1236 1238 et
1254 1175 1355 1240 unua
1371 1165 1546 1239 Tennibac
1560 1185 1669 1240 voca·-

257 1292 361 1364 batur
385 1313 447 1388 per
469 1291 718 1364 exhibitionem
741 1291 856 1387 operis
876 1291 1023 1364 Domino
1044 1291 1230 1364 exhibetur
1234 1343 1577 1364 ...........
1588 1343 1598 1380 ,
1622 1287 1669 1361 ad

259 1416 455 1489 instantiam
479 1415 593 1488 fratris
614 1415 762 1490 Conradi
782 1415 960 1500 monachi,
989 1415 1034 1488 de
1055 1417 1164 1510 gratia
1188 1415 1379 1488 serenitatis
1403 1424 1516 1488 nostre
1538 1435 1670 1486 conce-

261 1539 378 1613 dimus
395 1547 430 1612 ct
448 1538 693 1612 confirmamus
709 1539 822 1612 eidem
838 1539 1046 1612 monasterio
1061 1539 1098 1610 in
1116 1550 1320 1635 perpetuum
1335 1539 1495 1636 predium
1511 1541 1546 1611 in
1562 1540 1670 1614 Mon·

260 1663 391 1758 dingen
407 1663 505 1758 qood
522 1663 616 1738 idem
637 1665 882 1738 monasterium
904 1664 949 1737 ab
965 1664 1199 1758 Hospitalariis
1218 1663 1303 1737 emit
1323 1673 1358 1738 et
1375 1666 1552 1737 Versteten
1573 1663 1670 1758 quod

246 1777 432 1862 ‘Corradus
450 1787 495 1862 de
512 1789 751 1862 Suarcimbcrc
766 1789 957 1864 advocatus
972 1798 1008 1862 et
1023 1811 1114 1860 uxor
1130 1790 1205 1880 ejus
1222 1789 1336 1862 eidem
1354 1789 1561 1864 monasterio
1579 1811 1669 1862 con-

260 1913 412 1985 tulerunt
429 1935 509 1986 cum
529 1913 692 1986 omnibus
711 1913 922 2008 appenditiis
943 1915 1029 1986 suis.
1047 1913 1276 1988 Concedimus
1292 1935 1433 2010 quoquo
1452 1915 1566 1988 eidem
1588 1936 1669 1986 mo-

259 2037 408 2110 nasterio
421 2047 457 2110 et
472 2035 715 2110 confirmamus
731 2039 847 2110 omnia
858 2061 1077 2134 quecumque
1089 2039 1310 2112 concessione
1325 2038 1537 2134 pontificum,
1559 2040 1669 2134 largi-

259 2161 352 2236 tione
364 2163 572 2258 principum,
587 2162 680 2236 dono
690 2165 855 2237 comitum
868 2166 924 2237 vel
937 2164 1106 2238 baronum
1121 2172 1155 2237 et
1167 2165 1313 2238 aliorum
1327 2163 1500 2236 oblatione
1511 2163 1667 2238 fidelium

259 2288 296 2358 in
310 2287 559 2383 presentiarum
573 2289 664 2382 juste
678 2297 713 2360 et
725 2287 975 2362 rationabiliter
991 2289 1143 2384 possidet
1159 2297 1220 2362 aut
1233 2290 1270 2360 in
1285 2289 1440 2362 futurum
1447 2292 1542 2383 justo
1554 2291 1666 2382 titulo,

261 2419 432 2506 prestante
459 2411 623 2501 Domino,
652 2411 776 2506 poterit
797 2411 955 2506 adipisci.
976 2401 1021 2486 Ut
1045 2433 1128 2507 ergo
1132 2463 1439 2484 ..........
1466 2411 1531 2486 bec
1555 2423 1670 2486 nostm

258 2535 395 2630 pietalis
410 2534 586 2608 concessio
602 2533 701 2608 firma
717 2535 784 2608 sibi
800 2545 835 2608 et
850 2536 980 2608 illibata
995 2536 1175 2626 subsistat,
1195 2557 1335 2630 presens
1350 2545 1466 2609 nostre
1482 2537 1670 2630 majestatis

258 2659 477 2754 privilegium
492 2681 686 2754 permanes
701 2658 840 2732 Aldoini
855 2659 980 2733 notarii
994 2669 1029 2732 et
1047 2658 1159 2734 lidelis
1173 2660 1280 2732 nostri
1294 2659 1398 2732 scribi
1411 2669 1446 2733 et
1460 2669 1576 2734 nostre
1589 2683 1669 2736 ma-

255 2783 391 2876 Jostatis
404 2783 516 2878 sigillo
531 2784 700 2876 jussimus
717 2784 935 2877 communiri,
952 2805 1060 2873 anno,
1077 2783 1136 2857 die
1153 2781 1206 2882 [et
1221 2779 1430 2880 indictione]
1448 2785 1663 2880 subscriptis.

307 2907 393 2980 Data
412 2907 448 2979 in
468 2907 610 2982 civitate
627 2907 791 2980 Catbanie
809 2931 871 3004 per
890 2930 1013 2980 manus
1033 2909 1198 2982 Gualterii
1202 2961 1516 2981 ..........
1543 2909 1669 2984 Catha-

259 3029 390 3102 niensis
407 3031 559 3127 episcopi
577 3041 612 3104 et
633 3031 731 3124 regni
749 3032 866 3104 Sicilie
881 3033 1093 3123 cancellarii,
1120 3053 1212 3106 anno
1230 3031 1403 3105 dominice
1426 3033 1670 3107 incarnationis

257 3153 305 3226 bl.
328 3153 389 3226 CC.
409 3155 455 3244 X,
469 3175 588 3228 mense
600 3156 765 3248 januarii,
786 3157 862 3228 Xlll
880 3155 1091 3244 indictionis,
1106 3157 1203 3251 regni
1219 3177 1302 3230 vero
1320 3155 1576 3230 domininostri
1596 3159 1670 3232 Fri-

258 3276 366 3350 derici
370 3331 751 3354 ............
773 3301 864 3353 anno
882 3279 1099 3354 duodecime

309 3853 520 3937 Fridericus
538 3880 605 3937 rex
628 3854 775 3938 Siciliae
803 3857 1031 3942 monasterio
1057 3861 1105 3943 de
1132 3861 1259 3945 Salem
1283 3861 1339 3974 (in
1368 3857 1521 3978 Suavis)
1540 3871 1669 3954 omnia
1717 3891 1850 3989 gffltgge

252 3985 342 4097 jura
359 3985 460 4097 ejus,
480 3989 677 4100 privilegis
700 3999 737 4072 et
762 3992 1019 4100 possessiones
1045 4022 1143 4105 quae
1171 4023 1273 4082 nuuc
1295 3999 1410 4082 habet
1428 4012 1493 4084 eut
1512 4003 1668 4112 adipisci
1726 3975 1854 4052 ³¹⁰¹¹⁸‘¹⁰·'

256 4120 394 4232 polerit
410 4121 623 4205 confirmet.

336 4336 424 4413 (Edit.
439 4353 487 4414 ap.
502 4331 869 4410 tessalonicenses.
883 4337 994 4412 xvlll,
1008 4355 1040 4416 p.
1057 4339 1323 4415 δια-81111011,
1337 4341 1454 4422 Apion,
1469 4361 1500 4420 p.
1517 4344 1577 4419 48.)

291 4577 327 4651 (1)
344 4577 401 4634 Etsi
414 4577 564 4635 Fridcricus
575 4579 681 4636 titulum
691 4579 768 4636 ducis
781 4577 896 4635 Suculae
907 4577 958 4634 sibi
972 4591 1026 4634 nou
1038 4575 1183 4642 adscribat,
1192 4575 1275 4649 liquet
1285 4574 1359 4632 illum
1371 4593 1420 4650 per
1432 4577 1483 4634 boc
1496 4579 1665 4654 privilegium

252 4681 282 4732 et
292 4675 431 4748 mouentia
441 4676 613 4733 monasteriis
625 4676 744 4734 Sueaieis
758 4675 861 4734 indulta
872 4681 933 4750 post
947 4681 1061 4732 mortem
1075 4673 1190 4748 Philippi
1203 4689 1345 4747 personam
1355 4675 1413 4732 veri
1425 4675 1502 4734 ducis
1514 4678 1611 4752 egisse.

278 4769 280 4774 ’
333 4775 360 4839 1.
1468 4788 1503 4842 11
