<?xml version="1.0" encoding="UTF-8"?>
<!DOCTYPE html PUBLIC "-//W3C//DTD XHTML 1.0 Transitional//EN"
    "http://www.w3.org/TR/xhtml1/DTD/xhtml1-transitional.dtd">
<html xmlns="http://www.w3.org/1999/xhtml" xml:lang="en" lang="en">
 <head>
  <title>
</title>
<meta http-equiv="Content-Type" content="text/html;charset=utf-8" />
  <meta name='ocr-system' content='tesseract 3.04.00' />
  <meta name='ocr-capabilities' content='ocr_page ocr_carea ocr_par ocr_line ocrx_word'/>
</head>
<body>
  <div class='ocr_page' id='page_1' title='image "./historiadiploma06fredgoog_0032.png"; bbox 0 0 4434 5942; ppageno 0'>
   <div class='ocr_carea' id='block_1_1' title="bbox 265 542 1680 631">
    <p class='ocr_par' dir='ltr' id='par_1_1' title="bbox 265 542 1680 631">
     <span class='ocr_line' id='line_1_1' title="bbox 265 542 1680 631; baseline -0.005 -18"><span class='ocrx_word' id='word_1_1' title='bbox 265 551 364 612; x_wconf 72' lang='lat' dir='ltr'><strong>ene.</strong></span> <span class='ocrx_word' id='word_1_2' title='bbox 380 546 424 631; x_wconf 80' lang='lat' dir='ltr'><strong>a]</strong></span> <span class='ocrx_word' id='word_1_3' title='bbox 717 542 913 604; x_wconf 82' lang='lat' dir='ltr'><strong>arsronra</strong></span> <span class='ocrx_word' id='word_1_4' title='bbox 938 542 1230 604; x_wconf 83' lang='lat' dir='ltr'><strong>nrrnonarros.</strong></span> <span class='ocrx_word' id='word_1_5' title='bbox 1642 545 1680 606; x_wconf 86' lang='lat' dir='ltr'><strong>rs</strong></span> 
     </span>
    </p>
   </div>
   <div class='ocr_carea' id='block_1_2' title="bbox 265 678 1682 2768">
    <p class='ocr_par' dir='ltr' id='par_1_2' title="bbox 265 678 1682 2768">
     <span class='ocr_line' id='line_1_2' title="bbox 266 678 1679 774; baseline -0.005 -15"><span class='ocrx_word' id='word_1_6' title='bbox 266 697 460 760; x_wconf 91' lang='lat' dir='ltr'><strong>nostrornm</strong></span> <span class='ocrx_word' id='word_1_7' title='bbox 479 679 753 756; x_wconf 76' lang='lat' dir='ltr'><strong>felicissimorum</strong></span> <span class='ocrx_word' id='word_1_8' title='bbox 771 700 893 772; x_wconf 75' lang='lat' dir='ltr'><strong>regum</strong></span> <span class='ocrx_word' id='word_1_9' title='bbox 908 679 999 752; x_wconf 88' lang='lat' dir='ltr'><strong>bone</strong></span> <span class='ocrx_word' id='word_1_10' title='bbox 1012 678 1175 751; x_wconf 83' lang='lat' dir='ltr'><strong>memorie</strong></span> <span class='ocrx_word' id='word_1_11' title='bbox 1192 701 1257 752; x_wconf 89' lang='lat' dir='ltr'><strong>nec</strong></span> <span class='ocrx_word' id='word_1_12' title='bbox 1274 679 1370 754; x_wconf 92' lang='lat' dir='ltr'><strong>alind</strong></span> <span class='ocrx_word' id='word_1_13' title='bbox 1390 701 1543 774; x_wconf 89' lang='lat' dir='ltr'><strong>unquam</strong></span> <span class='ocrx_word' id='word_1_14' title='bbox 1567 679 1679 754; x_wconf 90' lang='lat' dir='ltr'><strong>domi·</strong></span> 
     </span>
     <span class='ocr_line' id='line_1_3' title="bbox 266 802 1681 899; baseline -0.003 -17"><span class='ocrx_word' id='word_1_15' title='bbox 266 812 366 884; x_wconf 94' lang='lat' dir='ltr'><strong>nium</strong></span> <span class='ocrx_word' id='word_1_16' title='bbox 381 808 533 880; x_wconf 85' lang='lat' dir='ltr'><strong>habeant</strong></span> <span class='ocrx_word' id='word_1_17' title='bbox 549 805 616 878; x_wconf 86' lang='lat' dir='ltr'><strong>nisi</strong></span> <span class='ocrx_word' id='word_1_18' title='bbox 633 813 789 878; x_wconf 87' lang='lat' dir='ltr'><strong>nostrum</strong></span> <span class='ocrx_word' id='word_1_19' title='bbox 806 802 1023 876; x_wconf 91' lang='lat' dir='ltr'><strong>etheredum</strong></span> <span class='ocrx_word' id='word_1_20' title='bbox 1038 813 1244 890; x_wconf 89' lang='lat' dir='ltr'><strong>nostrornm,</strong></span> <span class='ocrx_word' id='word_1_21' title='bbox 1262 814 1297 876; x_wconf 90' lang='lat' dir='ltr'><strong>et</strong></span> <span class='ocrx_word' id='word_1_22' title='bbox 1313 803 1410 899; x_wconf 87' lang='lat' dir='ltr'><strong>quod</strong></span> <span class='ocrx_word' id='word_1_23' title='bbox 1425 805 1526 878; x_wconf 88' lang='lat' dir='ltr'><strong>liceat</strong></span> <span class='ocrx_word' id='word_1_24' title='bbox 1535 805 1588 878; x_wconf 89' lang='lat' dir='ltr'><strong>eis</strong></span> <span class='ocrx_word' id='word_1_25' title='bbox 1604 805 1681 878; x_wconf 88' lang='lat' dir='ltr'><strong>sine</strong></span> 
     </span>
     <span class='ocr_line' id='line_1_4' title="bbox 265 926 1681 1025; baseline -0.004 -15"><span class='ocrx_word' id='word_1_26' title='bbox 265 935 411 1025; x_wconf 85' lang='lat' dir='ltr'><strong>alicujus</strong></span> <span class='ocrx_word' id='word_1_27' title='bbox 429 928 698 1004; x_wconf 77' lang='lat' dir='ltr'><strong>contradictione</strong></span> <span class='ocrx_word' id='word_1_28' title='bbox 715 926 916 1001; x_wconf 87' lang='lat' dir='ltr'><strong>reedificare</strong></span> <span class='ocrx_word' id='word_1_29' title='bbox 933 937 968 999; x_wconf 93' lang='lat' dir='ltr'><strong>et</strong></span> <span class='ocrx_word' id='word_1_30' title='bbox 985 938 1182 1002; x_wconf 85' lang='lat' dir='ltr'><strong>construere</strong></span> <span class='ocrx_word' id='word_1_31' title='bbox 1196 930 1322 1002; x_wconf 87' lang='lat' dir='ltr'><strong>casalia</strong></span> <span class='ocrx_word' id='word_1_32' title='bbox 1330 951 1407 1020; x_wconf 87' lang='lat' dir='ltr'><strong>sua,</strong></span> <span class='ocrx_word' id='word_1_33' title='bbox 1420 952 1490 1024; x_wconf 92' lang='lat' dir='ltr'><strong>que</strong></span> <span class='ocrx_word' id='word_1_34' title='bbox 1501 931 1681 1004; x_wconf 79' lang='lat' dir='ltr'><strong>occasione</strong></span> 
     </span>
     <span class='ocr_line' id='line_1_5' title="bbox 266 1051 1679 1151; baseline -0.002 -21"><span class='ocrx_word' id='word_1_35' title='bbox 266 1078 390 1151; x_wconf 75' lang='lat' dir='ltr'><strong>guerra</strong></span> <span class='ocrx_word' id='word_1_36' title='bbox 410 1065 489 1151; x_wconf 86' lang='lat' dir='ltr'><strong>post</strong></span> <span class='ocrx_word' id='word_1_37' title='bbox 509 1054 642 1128; x_wconf 91' lang='lat' dir='ltr'><strong>obitum</strong></span> <span class='ocrx_word' id='word_1_38' title='bbox 664 1051 757 1146; x_wconf 76' lang='lat' dir='ltr'><strong>regis</strong></span> <span class='ocrx_word' id='word_1_39' title='bbox 778 1052 948 1124; x_wconf 90' lang='lat' dir='ltr'><strong>Gnillelmi</strong></span> <span class='ocrx_word' id='word_1_40' title='bbox 965 1052 1104 1126; x_wconf 86' lang='lat' dir='ltr'><strong>luerunt</strong></span> <span class='ocrx_word' id='word_1_41' title='bbox 1123 1053 1316 1144; x_wconf 86' lang='lat' dir='ltr'><strong>destructa,</strong></span> <span class='ocrx_word' id='word_1_42' title='bbox 1332 1065 1368 1126; x_wconf 92' lang='lat' dir='ltr'><strong>et</strong></span> <span class='ocrx_word' id='word_1_43' title='bbox 1383 1064 1423 1126; x_wconf 90' lang='lat' dir='ltr'><strong>nt</strong></span> <span class='ocrx_word' id='word_1_44' title='bbox 1443 1054 1601 1128; x_wconf 87' lang='lat' dir='ltr'><strong>homines</strong></span> <span class='ocrx_word' id='word_1_45' title='bbox 1617 1055 1679 1149; x_wconf 89' lang='lat' dir='ltr'><strong>qui</strong></span> 
     </span>
     <span class='ocr_line' id='line_1_6' title="bbox 266 1175 1677 1274; baseline 0.002 -22"><span class='ocrx_word' id='word_1_46' title='bbox 266 1181 392 1252; x_wconf 81' lang='lat' dir='ltr'><strong>casalia</strong></span> <span class='ocrx_word' id='word_1_47' title='bbox 410 1179 485 1274; x_wconf 87' lang='lat' dir='ltr'><strong>ipsa</strong></span> <span class='ocrx_word' id='word_1_48' title='bbox 512 1176 707 1250; x_wconf 87' lang='lat' dir='ltr'><strong>inhabitant</strong></span> <span class='ocrx_word' id='word_1_49' title='bbox 730 1184 766 1248; x_wconf 92' lang='lat' dir='ltr'><strong>et</strong></span> <span class='ocrx_word' id='word_1_50' title='bbox 791 1176 825 1246; x_wconf 95' lang='lat' dir='ltr'><strong>in</strong></span> <span class='ocrx_word' id='word_1_51' title='bbox 850 1177 966 1248; x_wconf 86' lang='lat' dir='ltr'><strong>loturo</strong></span> <span class='ocrx_word' id='word_1_52' title='bbox 986 1175 1209 1249; x_wconf 91' lang='lat' dir='ltr'><strong>inhabitaturi</strong></span> <span class='ocrx_word' id='word_1_53' title='bbox 1229 1187 1312 1250; x_wconf 94' lang='lat' dir='ltr'><strong>sunt</strong></span> <span class='ocrx_word' id='word_1_54' title='bbox 1336 1177 1476 1252; x_wconf 87' lang='lat' dir='ltr'><strong>easdem</strong></span> <span class='ocrx_word' id='word_1_55' title='bbox 1490 1179 1677 1266; x_wconf 72' lang='lat' dir='ltr'><strong>libertates,</strong></span> 
     </span>
     <span class='ocr_line' id='line_1_7' title="bbox 267 1299 1682 1396; baseline 0 -20"><span class='ocrx_word' id='word_1_56' title='bbox 267 1302 537 1376; x_wconf 87' lang='lat' dir='ltr'><strong>consuetudines</strong></span> <span class='ocrx_word' id='word_1_57' title='bbox 551 1302 730 1394; x_wconf 91' lang='lat' dir='ltr'><strong>bonosque</strong></span> <span class='ocrx_word' id='word_1_58' title='bbox 747 1321 833 1372; x_wconf 89' lang='lat' dir='ltr'><strong>usus</strong></span> <span class='ocrx_word' id='word_1_59' title='bbox 849 1299 1000 1372; x_wconf 79' lang='lat' dir='ltr'><strong>habeant</strong></span> <span class='ocrx_word' id='word_1_60' title='bbox 1015 1301 1050 1372; x_wconf 95' lang='lat' dir='ltr'><strong>in</strong></span> <span class='ocrx_word' id='word_1_61' title='bbox 1065 1302 1182 1396; x_wconf 80' lang='lat' dir='ltr'><strong>lignis,</strong></span> <span class='ocrx_word' id='word_1_62' title='bbox 1202 1302 1358 1396; x_wconf 89' lang='lat' dir='ltr'><strong>pascuis,</strong></span> <span class='ocrx_word' id='word_1_63' title='bbox 1376 1303 1477 1396; x_wconf 73' lang='lat' dir='ltr'><strong>aquus</strong></span> <span class='ocrx_word' id='word_1_64' title='bbox 1494 1311 1530 1376; x_wconf 94' lang='lat' dir='ltr'><strong>et</strong></span> <span class='ocrx_word' id='word_1_65' title='bbox 1546 1303 1682 1378; x_wconf 86' lang='lat' dir='ltr'><strong>conatis</strong></span> 
     </span>
     <span class='ocr_line' id='line_1_8' title="bbox 268 1425 1681 1523; baseline -0.001 -21"><span class='ocrx_word' id='word_1_66' title='bbox 268 1429 358 1522; x_wconf 89' lang='lat' dir='ltr'><strong>aliis,</strong></span> <span class='ocrx_word' id='word_1_67' title='bbox 380 1447 469 1523; x_wconf 92' lang='lat' dir='ltr'><strong>qnos</strong></span> <span class='ocrx_word' id='word_1_68' title='bbox 483 1426 612 1499; x_wconf 87' lang='lat' dir='ltr'><strong>scilieet</strong></span> <span class='ocrx_word' id='word_1_69' title='bbox 628 1445 714 1498; x_wconf 88' lang='lat' dir='ltr'><strong>usus</strong></span> <span class='ocrx_word' id='word_1_70' title='bbox 729 1425 941 1518; x_wconf 87' lang='lat' dir='ltr'><strong>temporibus</strong></span> <span class='ocrx_word' id='word_1_71' title='bbox 960 1425 1241 1520; x_wconf 87' lang='lat' dir='ltr'><strong>predecessorum</strong></span> <span class='ocrx_word' id='word_1_72' title='bbox 1258 1435 1451 1500; x_wconf 89' lang='lat' dir='ltr'><strong>nostrornm</strong></span> <span class='ocrx_word' id='word_1_73' title='bbox 1469 1428 1681 1501; x_wconf 82' lang='lat' dir='ltr'><strong>felicissimo-</strong></span> 
     </span>
     <span class='ocr_line' id='line_1_9' title="bbox 268 1549 1681 1646; baseline 0.001 -22"><span class='ocrx_word' id='word_1_74' title='bbox 268 1575 347 1624; x_wconf 94' lang='lat' dir='ltr'><strong>rnm</strong></span> <span class='ocrx_word' id='word_1_75' title='bbox 367 1573 490 1646; x_wconf 80' lang='lat' dir='ltr'><strong>regum</strong></span> <span class='ocrx_word' id='word_1_76' title='bbox 507 1551 598 1624; x_wconf 89' lang='lat' dir='ltr'><strong>bone</strong></span> <span class='ocrx_word' id='word_1_77' title='bbox 613 1549 777 1622; x_wconf 91' lang='lat' dir='ltr'><strong>memorie</strong></span> <span class='ocrx_word' id='word_1_78' title='bbox 799 1549 889 1622; x_wconf 92' lang='lat' dir='ltr'><strong>soliti</strong></span> <span class='ocrx_word' id='word_1_79' title='bbox 912 1559 994 1622; x_wconf 94' lang='lat' dir='ltr'><strong>sunt</strong></span> <span class='ocrx_word' id='word_1_80' title='bbox 1011 1551 1159 1642; x_wconf 86' lang='lat' dir='ltr'><strong>habere;</strong></span> <span class='ocrx_word' id='word_1_81' title='bbox 1179 1549 1320 1646; x_wconf 88' lang='lat' dir='ltr'><strong>insuper</strong></span> <span class='ocrx_word' id='word_1_82' title='bbox 1337 1551 1442 1626; x_wconf 88' lang='lat' dir='ltr'><strong>otiam</strong></span> <span class='ocrx_word' id='word_1_83' title='bbox 1463 1551 1681 1626; x_wconf 87' lang='lat' dir='ltr'><strong>confirmavit</strong></span> 
     </span>
     <span class='ocr_line' id='line_1_10' title="bbox 268 1673 1681 1772; baseline 0.001 -22"><span class='ocrx_word' id='word_1_84' title='bbox 268 1675 384 1750; x_wconf 87' lang='lat' dir='ltr'><strong>eidem</strong></span> <span class='ocrx_word' id='word_1_85' title='bbox 401 1675 607 1748; x_wconf 88' lang='lat' dir='ltr'><strong>monasterio</strong></span> <span class='ocrx_word' id='word_1_86' title='bbox 627 1673 815 1766; x_wconf 89' lang='lat' dir='ltr'><strong>jamdictus</strong></span> <span class='ocrx_word' id='word_1_87' title='bbox 841 1675 1027 1769; x_wconf 90' lang='lat' dir='ltr'><strong>imperator</strong></span> <span class='ocrx_word' id='word_1_88' title='bbox 1053 1675 1168 1748; x_wconf 90' lang='lat' dir='ltr'><strong>omnia</strong></span> <span class='ocrx_word' id='word_1_89' title='bbox 1192 1675 1373 1772; x_wconf 82' lang='lat' dir='ltr'><strong>privilegia</strong></span> <span class='ocrx_word' id='word_1_90' title='bbox 1396 1676 1464 1748; x_wconf 94' lang='lat' dir='ltr'><strong>sibi</strong></span> <span class='ocrx_word' id='word_1_91' title='bbox 1492 1698 1514 1749; x_wconf 95' lang='lat' dir='ltr'><strong>a</strong></span> <span class='ocrx_word' id='word_1_92' title='bbox 1539 1675 1681 1751; x_wconf 92' lang='lat' dir='ltr'><strong>domino</strong></span> 
     </span>
     <span class='ocr_line' id='line_1_11' title="bbox 268 1799 1680 1896; baseline 0.003 -24"><span class='ocrx_word' id='word_1_93' title='bbox 268 1811 365 1896; x_wconf 92' lang='lat' dir='ltr'><strong>patre</strong></span> <span class='ocrx_word' id='word_1_94' title='bbox 384 1809 499 1874; x_wconf 88' lang='lat' dir='ltr'><strong>nostro</strong></span> <span class='ocrx_word' id='word_1_95' title='bbox 525 1799 755 1872; x_wconf 84' lang='lat' dir='ltr'><strong>illustrissimo</strong></span> <span class='ocrx_word' id='word_1_96' title='bbox 780 1819 862 1892; x_wconf 77' lang='lat' dir='ltr'><strong>rege</strong></span> <span class='ocrx_word' id='word_1_97' title='bbox 879 1800 1025 1892; x_wconf 75' lang='lat' dir='ltr'><strong>lingerio</strong></span> <span class='ocrx_word' id='word_1_98' title='bbox 1050 1800 1141 1874; x_wconf 89' lang='lat' dir='ltr'><strong>bone</strong></span> <span class='ocrx_word' id='word_1_99' title='bbox 1163 1799 1339 1892; x_wconf 91' lang='lat' dir='ltr'><strong>memorie,</strong></span> <span class='ocrx_word' id='word_1_100' title='bbox 1364 1819 1483 1892; x_wconf 80' lang='lat' dir='ltr'><strong>araga</strong></span> <span class='ocrx_word' id='word_1_101' title='bbox 1500 1799 1680 1876; x_wconf 88' lang='lat' dir='ltr'><strong>Gnillelmo</strong></span> 
     </span>
     <span class='ocr_line' id='line_1_12' title="bbox 268 1921 1680 2020; baseline 0.003 -24"><span class='ocrx_word' id='word_1_102' title='bbox 268 1925 380 2020; x_wconf 92' lang='lat' dir='ltr'><strong>primo</strong></span> <span class='ocrx_word' id='word_1_103' title='bbox 396 1933 431 1996; x_wconf 90' lang='lat' dir='ltr'><strong>et</strong></span> <span class='ocrx_word' id='word_1_104' title='bbox 446 1922 600 1996; x_wconf 73' lang='lat' dir='ltr'><strong>amando</strong></span> <span class='ocrx_word' id='word_1_105' title='bbox 616 1922 726 1997; x_wconf 79' lang='lat' dir='ltr'><strong>felicis</strong></span> <span class='ocrx_word' id='word_1_106' title='bbox 740 1921 988 1996; x_wconf 88' lang='lat' dir='ltr'><strong>recordationis</strong></span> <span class='ocrx_word' id='word_1_107' title='bbox 1002 1923 1136 1996; x_wconf 89' lang='lat' dir='ltr'><strong>indulta</strong></span> <span class='ocrx_word' id='word_1_108' title='bbox 1153 1945 1258 2018; x_wconf 87' lang='lat' dir='ltr'><strong>super</strong></span> <span class='ocrx_word' id='word_1_109' title='bbox 1271 1921 1445 1996; x_wconf 89' lang='lat' dir='ltr'><strong>universis</strong></span> <span class='ocrx_word' id='word_1_110' title='bbox 1457 1925 1569 2014; x_wconf 87' lang='lat' dir='ltr'><strong>terrie,</strong></span> <span class='ocrx_word' id='word_1_111' title='bbox 1582 1946 1680 2000; x_wconf 87' lang='lat' dir='ltr'><strong>cesa-</strong></span> 
     </span>
     <span class='ocr_line' id='line_1_13' title="bbox 267 2045 1682 2143; baseline 0 -23"><span class='ocrx_word' id='word_1_112' title='bbox 267 2049 373 2139; x_wconf 90' lang='lat' dir='ltr'><strong>libns,</strong></span> <span class='ocrx_word' id='word_1_113' title='bbox 394 2047 593 2120; x_wconf 88' lang='lat' dir='ltr'><strong>hominibus</strong></span> <span class='ocrx_word' id='word_1_114' title='bbox 610 2056 645 2120; x_wconf 91' lang='lat' dir='ltr'><strong>et</strong></span> <span class='ocrx_word' id='word_1_115' title='bbox 661 2047 796 2120; x_wconf 86' lang='lat' dir='ltr'><strong>cunctis</strong></span> <span class='ocrx_word' id='word_1_116' title='bbox 818 2047 1093 2143; x_wconf 84' lang='lat' dir='ltr'><strong>possessionibus</strong></span> <span class='ocrx_word' id='word_1_117' title='bbox 1108 2069 1198 2142; x_wconf 88' lang='lat' dir='ltr'><strong>quas</strong></span> <span class='ocrx_word' id='word_1_118' title='bbox 1215 2045 1309 2122; x_wconf 90' lang='lat' dir='ltr'><strong>idem</strong></span> <span class='ocrx_word' id='word_1_119' title='bbox 1325 2049 1570 2122; x_wconf 86' lang='lat' dir='ltr'><strong>monasterium</strong></span> <span class='ocrx_word' id='word_1_120' title='bbox 1589 2059 1682 2124; x_wconf 90' lang='lat' dir='ltr'><strong>tenet</strong></span> 
     </span>
     <span class='ocr_line' id='line_1_14' title="bbox 268 2171 1682 2268; baseline 0.001 -22"><span class='ocrx_word' id='word_1_121' title='bbox 268 2173 304 2246; x_wconf 95' lang='lat' dir='ltr'><strong>in</strong></span> <span class='ocrx_word' id='word_1_122' title='bbox 320 2173 449 2264; x_wconf 89' lang='lat' dir='ltr'><strong>Sicilia,</strong></span> <span class='ocrx_word' id='word_1_123' title='bbox 470 2172 625 2246; x_wconf 87' lang='lat' dir='ltr'><strong>Calabria</strong></span> <span class='ocrx_word' id='word_1_124' title='bbox 642 2181 677 2244; x_wconf 93' lang='lat' dir='ltr'><strong>et</strong></span> <span class='ocrx_word' id='word_1_125' title='bbox 693 2171 844 2266; x_wconf 84' lang='lat' dir='ltr'><strong>Apulia:</strong></span> <span class='ocrx_word' id='word_1_126' title='bbox 862 2172 898 2244; x_wconf 94' lang='lat' dir='ltr'><strong>in</strong></span> <span class='ocrx_word' id='word_1_127' title='bbox 917 2172 1033 2244; x_wconf 88' lang='lat' dir='ltr'><strong>Sicilia</strong></span> <span class='ocrx_word' id='word_1_128' title='bbox 1045 2171 1247 2246; x_wconf 90' lang='lat' dir='ltr'><strong>nominatim</strong></span> <span class='ocrx_word' id='word_1_129' title='bbox 1258 2172 1354 2268; x_wconf 90' lang='lat' dir='ltr'><strong>apud</strong></span> <span class='ocrx_word' id='word_1_130' title='bbox 1363 2174 1556 2246; x_wconf 88' lang='lat' dir='ltr'><strong>Messanam</strong></span> <span class='ocrx_word' id='word_1_131' title='bbox 1567 2175 1682 2248; x_wconf 87' lang='lat' dir='ltr'><strong>eccle-</strong></span> 
     </span>
     <span class='ocr_line' id='line_1_15' title="bbox 266 2297 1680 2395; baseline 0.001 -23"><span class='ocrx_word' id='word_1_132' title='bbox 266 2299 354 2372; x_wconf 90' lang='lat' dir='ltr'><strong>siam</strong></span> <span class='ocrx_word' id='word_1_133' title='bbox 369 2300 493 2372; x_wconf 85' lang='lat' dir='ltr'><strong>Sancte</strong></span> <span class='ocrx_word' id='word_1_134' title='bbox 508 2298 615 2370; x_wconf 87' lang='lat' dir='ltr'><strong>Maria</strong></span> <span class='ocrx_word' id='word_1_135' title='bbox 635 2298 680 2372; x_wconf 91' lang='lat' dir='ltr'><strong>de</strong></span> <span class='ocrx_word' id='word_1_136' title='bbox 697 2297 817 2370; x_wconf 89' lang='lat' dir='ltr'><strong>Latina</strong></span> <span class='ocrx_word' id='word_1_137' title='bbox 840 2319 921 2370; x_wconf 88' lang='lat' dir='ltr'><strong>cum</strong></span> <span class='ocrx_word' id='word_1_138' title='bbox 943 2297 1105 2370; x_wconf 89' lang='lat' dir='ltr'><strong>omnibns</strong></span> <span class='ocrx_word' id='word_1_139' title='bbox 1122 2297 1337 2392; x_wconf 89' lang='lat' dir='ltr'><strong>pertinentiis</strong></span> <span class='ocrx_word' id='word_1_140' title='bbox 1354 2299 1444 2388; x_wconf 88' lang='lat' dir='ltr'><strong>suis;</strong></span> <span class='ocrx_word' id='word_1_141' title='bbox 1460 2299 1556 2395; x_wconf 91' lang='lat' dir='ltr'><strong>apud</strong></span> <span class='ocrx_word' id='word_1_142' title='bbox 1574 2301 1680 2374; x_wconf 91' lang='lat' dir='ltr'><strong>Sano-</strong></span> 
     </span>
     <span class='ocr_line' id='line_1_16' title="bbox 267 2420 1681 2520; baseline 0.004 -26"><span class='ocrx_word' id='word_1_143' title='bbox 267 2432 341 2495; x_wconf 94' lang='lat' dir='ltr'><strong>tum</strong></span> <span class='ocrx_word' id='word_1_144' title='bbox 358 2425 555 2520; x_wconf 92' lang='lat' dir='ltr'><strong>Philippum</strong></span> <span class='ocrx_word' id='word_1_145' title='bbox 572 2423 684 2495; x_wconf 84' lang='lat' dir='ltr'><strong>casale</strong></span> <span class='ocrx_word' id='word_1_146' title='bbox 697 2421 831 2494; x_wconf 92' lang='lat' dir='ltr'><strong>Corneti</strong></span> <span class='ocrx_word' id='word_1_147' title='bbox 847 2420 911 2518; x_wconf 84' lang='lat' dir='ltr'><strong>(o),</strong></span> <span class='ocrx_word' id='word_1_148' title='bbox 929 2423 1092 2518; x_wconf 86' lang='lat' dir='ltr'><strong>Scarpelli</strong></span> <span class='ocrx_word' id='word_1_149' title='bbox 1108 2433 1143 2496; x_wconf 92' lang='lat' dir='ltr'><strong>et</strong></span> <span class='ocrx_word' id='word_1_150' title='bbox 1157 2422 1370 2514; x_wconf 85' lang='lat' dir='ltr'><strong>Castelluois;</strong></span> <span class='ocrx_word' id='word_1_151' title='bbox 1386 2423 1483 2518; x_wconf 91' lang='lat' dir='ltr'><strong>apud</strong></span> <span class='ocrx_word' id='word_1_152' title='bbox 1496 2424 1681 2519; x_wconf 75' lang='lat' dir='ltr'><strong>Ragusiam</strong></span> 
     </span>
     <span class='ocr_line' id='line_1_17' title="bbox 268 2545 1681 2641; baseline 0.003 -21"><span class='ocrx_word' id='word_1_153' title='bbox 268 2549 380 2620; x_wconf 90' lang='lat' dir='ltr'><strong>casale</strong></span> <span class='ocrx_word' id='word_1_154' title='bbox 400 2549 523 2620; x_wconf 86' lang='lat' dir='ltr'><strong>Sancte</strong></span> <span class='ocrx_word' id='word_1_155' title='bbox 546 2547 664 2620; x_wconf 87' lang='lat' dir='ltr'><strong>Crucis</strong></span> <span class='ocrx_word' id='word_1_156' title='bbox 684 2545 730 2618; x_wconf 90' lang='lat' dir='ltr'><strong>de</strong></span> <span class='ocrx_word' id='word_1_157' title='bbox 745 2547 989 2637; x_wconf 78' lang='lat' dir='ltr'><strong>Rasaoambrs3</strong></span> <span class='ocrx_word' id='word_1_158' title='bbox 1015 2547 1112 2641; x_wconf 92' lang='lat' dir='ltr'><strong>apud</strong></span> <span class='ocrx_word' id='word_1_159' title='bbox 1132 2547 1246 2618; x_wconf 86' lang='lat' dir='ltr'><strong>Siolim</strong></span> <span class='ocrx_word' id='word_1_160' title='bbox 1263 2546 1443 2620; x_wconf 88' lang='lat' dir='ltr'><strong>ecclesiam</strong></span> <span class='ocrx_word' id='word_1_161' title='bbox 1459 2549 1573 2620; x_wconf 91' lang='lat' dir='ltr'><strong>Sancti</strong></span> <span class='ocrx_word' id='word_1_162' title='bbox 1592 2551 1681 2624; x_wconf 89' lang='lat' dir='ltr'><strong>Lau-</strong></span> 
     </span>
     <span class='ocr_line' id='line_1_18' title="bbox 267 2669 1682 2768; baseline 0.003 -25"><span class='ocrx_word' id='word_1_163' title='bbox 267 2672 386 2763; x_wconf 89' lang='lat' dir='ltr'><strong>rentii;</strong></span> <span class='ocrx_word' id='word_1_164' title='bbox 407 2671 502 2768; x_wconf 90' lang='lat' dir='ltr'><strong>apud</strong></span> <span class='ocrx_word' id='word_1_165' title='bbox 519 2671 697 2766; x_wconf 90' lang='lat' dir='ltr'><strong>Capioium</strong></span> <span class='ocrx_word' id='word_1_166' title='bbox 715 2670 895 2744; x_wconf 87' lang='lat' dir='ltr'><strong>eeclesiam</strong></span> <span class='ocrx_word' id='word_1_167' title='bbox 910 2670 1025 2742; x_wconf 90' lang='lat' dir='ltr'><strong>Sancti</strong></span> <span class='ocrx_word' id='word_1_168' title='bbox 1049 2669 1215 2764; x_wconf 90' lang='lat' dir='ltr'><strong>Philippi,</strong></span> <span class='ocrx_word' id='word_1_169' title='bbox 1240 2671 1353 2742; x_wconf 87' lang='lat' dir='ltr'><strong>casale</strong></span> <span class='ocrx_word' id='word_1_170' title='bbox 1380 2671 1496 2742; x_wconf 90' lang='lat' dir='ltr'><strong>Sancti</strong></span> <span class='ocrx_word' id='word_1_171' title='bbox 1522 2672 1609 2744; x_wconf 89' lang='lat' dir='ltr'><strong>Petri</strong></span> <span class='ocrx_word' id='word_1_172' title='bbox 1637 2673 1682 2746; x_wconf 90' lang='lat' dir='ltr'><strong>de</strong></span> 
     </span>
    </p>
   </div>
   <div class='ocr_carea' id='block_1_3' title="bbox 268 2792 1810 2890">
    <p class='ocr_par' dir='ltr' id='par_1_3' title="bbox 268 2792 1810 2890">
     <span class='ocr_line' id='line_1_19' title="bbox 268 2792 1810 2890; baseline 0.002 -24"><span class='ocrx_word' id='word_1_173' title='bbox 268 2797 450 2888; x_wconf 84' lang='lat' dir='ltr'><strong>vaccaria,</strong></span> <span class='ocrx_word' id='word_1_174' title='bbox 470 2796 651 2870; x_wconf 87' lang='lat' dir='ltr'><strong>ecclesiam</strong></span> <span class='ocrx_word' id='word_1_175' title='bbox 674 2797 798 2868; x_wconf 89' lang='lat' dir='ltr'><strong>Sancte</strong></span> <span class='ocrx_word' id='word_1_176' title='bbox 813 2792 920 2868; x_wconf 91' lang='lat' dir='ltr'><strong>blarie</strong></span> <span class='ocrx_word' id='word_1_177' title='bbox 943 2793 988 2866; x_wconf 89' lang='lat' dir='ltr'><strong>de</strong></span> <span class='ocrx_word' id='word_1_178' title='bbox 1004 2793 1141 2882; x_wconf 87' lang='lat' dir='ltr'><strong>Politia,</strong></span> <span class='ocrx_word' id='word_1_179' title='bbox 1160 2793 1339 2866; x_wconf 87' lang='lat' dir='ltr'><strong>ecclesiam</strong></span> <span class='ocrx_word' id='word_1_180' title='bbox 1357 2794 1471 2866; x_wconf 89' lang='lat' dir='ltr'><strong>Sancti</strong></span> <span class='ocrx_word' id='word_1_181' title='bbox 1490 2795 1618 2867; x_wconf 91' lang='lat' dir='ltr'><strong>Nicolai</strong></span> <span class='ocrx_word' id='word_1_182' title='bbox 1637 2797 1681 2869; x_wconf 91' lang='lat' dir='ltr'><strong>de</strong></span> <span class='ocrx_word' id='word_1_183' title='bbox 1805 2881 1810 2890; x_wconf 45' lang='grc'>,</span> 
     </span>
    </p>
   </div>
   <div class='ocr_carea' id='block_1_4' title="bbox 263 2915 1683 4264">
    <p class='ocr_par' dir='ltr' id='par_1_4' title="bbox 263 2915 1683 4264">
     <span class='ocr_line' id='line_1_20' title="bbox 267 2915 1681 3014; baseline 0.001 -22"><span class='ocrx_word' id='word_1_184' title='bbox 267 2921 392 3008; x_wconf 83' lang='lat' dir='ltr'><strong>Saoce,</strong></span> <span class='ocrx_word' id='word_1_185' title='bbox 412 2921 591 2994; x_wconf 86' lang='lat' dir='ltr'><strong>ecclesiam</strong></span> <span class='ocrx_word' id='word_1_186' title='bbox 606 2920 721 2992; x_wconf 90' lang='lat' dir='ltr'><strong>Sancti</strong></span> <span class='ocrx_word' id='word_1_187' title='bbox 735 2919 825 2992; x_wconf 90' lang='lat' dir='ltr'><strong>Petri</strong></span> <span class='ocrx_word' id='word_1_188' title='bbox 843 2918 888 2992; x_wconf 92' lang='lat' dir='ltr'><strong>de</strong></span> <span class='ocrx_word' id='word_1_189' title='bbox 902 2917 1002 2990; x_wconf 83' lang='lat' dir='ltr'><strong>Tocci</strong></span> <span class='ocrx_word' id='word_1_190' title='bbox 1015 2915 1081 3014; x_wconf 83' lang='lat' dir='ltr'><strong>(b),</strong></span> <span class='ocrx_word' id='word_1_191' title='bbox 1100 2940 1179 2990; x_wconf 92' lang='lat' dir='ltr'><strong>oum</strong></span> <span class='ocrx_word' id='word_1_192' title='bbox 1198 2919 1360 2992; x_wconf 91' lang='lat' dir='ltr'><strong>omnibns</strong></span> <span class='ocrx_word' id='word_1_193' title='bbox 1376 2919 1590 3012; x_wconf 88' lang='lat' dir='ltr'><strong>tenimentis,</strong></span> <span class='ocrx_word' id='word_1_194' title='bbox 1606 2943 1681 2994; x_wconf 92' lang='lat' dir='ltr'><strong>rno-</strong></span> 
     </span>
     <span class='ocr_line' id='line_1_21' title="bbox 266 3043 1680 3142; baseline 0.001 -23"><span class='ocrx_word' id='word_1_195' title='bbox 266 3047 417 3120; x_wconf 90' lang='lat' dir='ltr'><strong>lendinis</strong></span> <span class='ocrx_word' id='word_1_196' title='bbox 432 3055 467 3120; x_wconf 88' lang='lat' dir='ltr'><strong>et</strong></span> <span class='ocrx_word' id='word_1_197' title='bbox 479 3047 582 3140; x_wconf 89' lang='lat' dir='ltr'><strong>justis</strong></span> <span class='ocrx_word' id='word_1_198' title='bbox 609 3045 884 3142; x_wconf 88' lang='lat' dir='ltr'><strong>possessionibus</strong></span> <span class='ocrx_word' id='word_1_199' title='bbox 904 3053 939 3118; x_wconf 91' lang='lat' dir='ltr'><strong>et</strong></span> <span class='ocrx_word' id='word_1_200' title='bbox 960 3043 1173 3140; x_wconf 89' lang='lat' dir='ltr'><strong>pertinentiis</strong></span> <span class='ocrx_word' id='word_1_201' title='bbox 1197 3065 1330 3117; x_wconf 90' lang='lat' dir='ltr'><strong>earum.</strong></span> <span class='ocrx_word' id='word_1_202' title='bbox 1347 3045 1385 3118; x_wconf 97' lang='lat' dir='ltr'><strong>ln</strong></span> <span class='ocrx_word' id='word_1_203' title='bbox 1401 3045 1556 3120; x_wconf 88' lang='lat' dir='ltr'><strong>Calabria</strong></span> <span class='ocrx_word' id='word_1_204' title='bbox 1572 3049 1680 3120; x_wconf 89' lang='lat' dir='ltr'><strong>eccle-</strong></span> 
     </span>
     <span class='ocr_line' id='line_1_22' title="bbox 267 3167 1681 3268; baseline 0 -24"><span class='ocrx_word' id='word_1_205' title='bbox 267 3173 354 3244; x_wconf 88' lang='lat' dir='ltr'><strong>siam</strong></span> <span class='ocrx_word' id='word_1_206' title='bbox 368 3171 482 3244; x_wconf 89' lang='lat' dir='ltr'><strong>Sancti</strong></span> <span class='ocrx_word' id='word_1_207' title='bbox 496 3171 586 3244; x_wconf 91' lang='lat' dir='ltr'><strong>Petri</strong></span> <span class='ocrx_word' id='word_1_208' title='bbox 604 3171 650 3244; x_wconf 90' lang='lat' dir='ltr'><strong>de</strong></span> <span class='ocrx_word' id='word_1_209' title='bbox 663 3169 836 3260; x_wconf 81' lang='lat' dir='ltr'><strong>Cochena,</strong></span> <span class='ocrx_word' id='word_1_210' title='bbox 854 3169 1034 3242; x_wconf 85' lang='lat' dir='ltr'><strong>ecclesiam</strong></span> <span class='ocrx_word' id='word_1_211' title='bbox 1052 3169 1167 3242; x_wconf 84' lang='lat' dir='ltr'><strong>Sancti</strong></span> <span class='ocrx_word' id='word_1_212' title='bbox 1186 3169 1318 3242; x_wconf 89' lang='lat' dir='ltr'><strong>Nicolai</strong></span> <span class='ocrx_word' id='word_1_213' title='bbox 1337 3167 1382 3242; x_wconf 92' lang='lat' dir='ltr'><strong>de</strong></span> <span class='ocrx_word' id='word_1_214' title='bbox 1397 3169 1570 3266; x_wconf 90' lang='lat' dir='ltr'><strong>Lampada</strong></span> <span class='ocrx_word' id='word_1_215' title='bbox 1588 3171 1631 3268; x_wconf 85' lang='lat' dir='ltr'><strong>(c)</strong></span> <span class='ocrx_word' id='word_1_216' title='bbox 1647 3183 1681 3246; x_wconf 88' lang='lat' dir='ltr'><strong>et</strong></span> 
     </span>
     <span class='ocr_line' id='line_1_23' title="bbox 268 3293 1681 3392; baseline 0.001 -24"><span class='ocrx_word' id='word_1_217' title='bbox 268 3295 448 3369; x_wconf 88' lang='lat' dir='ltr'><strong>ecclesiam</strong></span> <span class='ocrx_word' id='word_1_218' title='bbox 467 3297 581 3369; x_wconf 88' lang='lat' dir='ltr'><strong>Sancti</strong></span> <span class='ocrx_word' id='word_1_219' title='bbox 600 3297 687 3387; x_wconf 82' lang='lat' dir='ltr'><strong>Elio,</strong></span> <span class='ocrx_word' id='word_1_220' title='bbox 706 3317 785 3368; x_wconf 92' lang='lat' dir='ltr'><strong>cum</strong></span> <span class='ocrx_word' id='word_1_221' title='bbox 806 3293 968 3366; x_wconf 87' lang='lat' dir='ltr'><strong>omnibns</strong></span> <span class='ocrx_word' id='word_1_222' title='bbox 981 3315 1102 3366; x_wconf 91' lang='lat' dir='ltr'><strong>earum</strong></span> <span class='ocrx_word' id='word_1_223' title='bbox 1119 3294 1328 3368; x_wconf 90' lang='lat' dir='ltr'><strong>obedientiis</strong></span> <span class='ocrx_word' id='word_1_224' title='bbox 1345 3304 1380 3368; x_wconf 93' lang='lat' dir='ltr'><strong>et</strong></span> <span class='ocrx_word' id='word_1_225' title='bbox 1392 3295 1494 3388; x_wconf 84' lang='lat' dir='ltr'><strong>justis</strong></span> <span class='ocrx_word' id='word_1_226' title='bbox 1506 3297 1681 3392; x_wconf 86' lang='lat' dir='ltr'><strong>pertinen·</strong></span> 
     </span>
     <span class='ocr_line' id='line_1_24' title="bbox 268 3417 1681 3515; baseline 0.004 -24"><span class='ocrx_word' id='word_1_227' title='bbox 268 3419 338 3493; x_wconf 93' lang='lat' dir='ltr'><strong>tiis.</strong></span> <span class='ocrx_word' id='word_1_228' title='bbox 359 3420 397 3492; x_wconf 97' lang='lat' dir='ltr'><strong>ln</strong></span> <span class='ocrx_word' id='word_1_229' title='bbox 411 3417 537 3515; x_wconf 81' lang='lat' dir='ltr'><strong>Apulia</strong></span> <span class='ocrx_word' id='word_1_230' title='bbox 550 3420 728 3493; x_wconf 86' lang='lat' dir='ltr'><strong>ecclesiam</strong></span> <span class='ocrx_word' id='word_1_231' title='bbox 745 3419 860 3492; x_wconf 86' lang='lat' dir='ltr'><strong>Sancti</strong></span> <span class='ocrx_word' id='word_1_232' title='bbox 882 3417 1054 3492; x_wconf 85' lang='lat' dir='ltr'><strong>laurentii</strong></span> <span class='ocrx_word' id='word_1_233' title='bbox 1072 3426 1106 3490; x_wconf 89' lang='lat' dir='ltr'><strong>et</strong></span> <span class='ocrx_word' id='word_1_234' title='bbox 1121 3419 1233 3492; x_wconf 89' lang='lat' dir='ltr'><strong>casale</strong></span> <span class='ocrx_word' id='word_1_235' title='bbox 1251 3419 1402 3492; x_wconf 87' lang='lat' dir='ltr'><strong>Vernule</strong></span> <span class='ocrx_word' id='word_1_236' title='bbox 1419 3441 1498 3492; x_wconf 90' lang='lat' dir='ltr'><strong>cum</strong></span> <span class='ocrx_word' id='word_1_237' title='bbox 1518 3423 1681 3497; x_wconf 85' lang='lat' dir='ltr'><strong>omnibns</strong></span> 
     </span>
     <span class='ocr_line' id='line_1_25' title="bbox 263 3541 1681 3639; baseline 0.003 -23"><span class='ocrx_word' id='word_1_238' title='bbox 263 3543 593 3639; x_wconf 86' lang='lat' dir='ltr'><strong>juatispertinentiis</strong></span> <span class='ocrx_word' id='word_1_239' title='bbox 609 3545 695 3619; x_wconf 85' lang='lat' dir='ltr'><strong>suis.</strong></span> <span class='ocrx_word' id='word_1_240' title='bbox 716 3545 784 3616; x_wconf 89' lang='lat' dir='ltr'><strong>Nos</strong></span> <span class='ocrx_word' id='word_1_241' title='bbox 807 3552 922 3618; x_wconf 88' lang='lat' dir='ltr'><strong>autem</strong></span> <span class='ocrx_word' id='word_1_242' title='bbox 949 3543 985 3614; x_wconf 94' lang='lat' dir='ltr'><strong>in</strong></span> <span class='ocrx_word' id='word_1_243' title='bbox 1007 3543 1062 3615; x_wconf 91' lang='lat' dir='ltr'><strong>his</strong></span> <span class='ocrx_word' id='word_1_244' title='bbox 1084 3550 1118 3616; x_wconf 90' lang='lat' dir='ltr'><strong>et</strong></span> <span class='ocrx_word' id='word_1_245' title='bbox 1144 3541 1315 3616; x_wconf 85' lang='lat' dir='ltr'><strong>similibus</strong></span> <span class='ocrx_word' id='word_1_246' title='bbox 1338 3543 1396 3638; x_wconf 90' lang='lat' dir='ltr'><strong>pia</strong></span> <span class='ocrx_word' id='word_1_247' title='bbox 1423 3545 1681 3639; x_wconf 78' lang='lat' dir='ltr'><strong>pmganitornm</strong></span> 
     </span>
     <span class='ocr_line' id='line_1_26' title="bbox 268 3665 1681 3762; baseline 0.004 -22"><span class='ocrx_word' id='word_1_248' title='bbox 268 3677 461 3740; x_wconf 90' lang='lat' dir='ltr'><strong>nostrornm</strong></span> <span class='ocrx_word' id='word_1_249' title='bbox 491 3667 638 3762; x_wconf 79' lang='lat' dir='ltr'><strong>vestigia</strong></span> <span class='ocrx_word' id='word_1_250' title='bbox 662 3667 852 3760; x_wconf 88' lang='lat' dir='ltr'><strong>imitantes,</strong></span> <span class='ocrx_word' id='word_1_251' title='bbox 885 3666 1002 3740; x_wconf 88' lang='lat' dir='ltr'><strong>omnia</strong></span> <span class='ocrx_word' id='word_1_252' title='bbox 1029 3665 1210 3762; x_wconf 79' lang='lat' dir='ltr'><strong>privilegia</strong></span> <span class='ocrx_word' id='word_1_253' title='bbox 1236 3665 1304 3762; x_wconf 92' lang='lat' dir='ltr'><strong>ipsi</strong></span> <span class='ocrx_word' id='word_1_254' title='bbox 1329 3668 1535 3742; x_wconf 86' lang='lat' dir='ltr'><strong>monasterio</strong></span> <span class='ocrx_word' id='word_1_255' title='bbox 1557 3672 1681 3746; x_wconf 89' lang='lat' dir='ltr'><strong>Sancte</strong></span> 
     </span>
     <span class='ocr_line' id='line_1_27' title="bbox 267 3789 1682 3886; baseline 0.004 -22"><span class='ocrx_word' id='word_1_256' title='bbox 267 3789 374 3864; x_wconf 85' lang='lat' dir='ltr'><strong>blarie</strong></span> <span class='ocrx_word' id='word_1_257' title='bbox 397 3813 419 3864; x_wconf 95' lang='lat' dir='ltr'><strong>a</strong></span> <span class='ocrx_word' id='word_1_258' title='bbox 444 3791 692 3886; x_wconf 89' lang='lat' dir='ltr'><strong>prenominatis</strong></span> <span class='ocrx_word' id='word_1_259' title='bbox 720 3792 923 3865; x_wconf 76' lang='lat' dir='ltr'><strong>felicissimis</strong></span> <span class='ocrx_word' id='word_1_260' title='bbox 948 3791 1089 3886; x_wconf 83' lang='lat' dir='ltr'><strong>regibus</strong></span> <span class='ocrx_word' id='word_1_261' title='bbox 1111 3790 1413 3886; x_wconf 89' lang='lat' dir='ltr'><strong>predecessoribus</strong></span> <span class='ocrx_word' id='word_1_262' title='bbox 1440 3796 1567 3868; x_wconf 85' lang='lat' dir='ltr'><strong>nostris</strong></span> <span class='ocrx_word' id='word_1_263' title='bbox 1591 3797 1682 3870; x_wconf 91' lang='lat' dir='ltr'><strong>bone</strong></span> 
     </span>
     <span class='ocr_line' id='line_1_28' title="bbox 267 3916 1683 4015; baseline 0.004 -25"><span class='ocrx_word' id='word_1_264' title='bbox 267 3916 490 3990; x_wconf 86' lang='lat' dir='ltr'><strong>memoriast</strong></span> <span class='ocrx_word' id='word_1_265' title='bbox 515 3939 536 3991; x_wconf 86' lang='lat' dir='ltr'><strong>a</strong></span> <span class='ocrx_word' id='word_1_266' title='bbox 557 3917 722 4010; x_wconf 74' lang='lat' dir='ltr'><strong>iamdicto</strong></span> <span class='ocrx_word' id='word_1_267' title='bbox 748 3917 889 3991; x_wconf 91' lang='lat' dir='ltr'><strong>domino</strong></span> <span class='ocrx_word' id='word_1_268' title='bbox 917 3918 1122 4015; x_wconf 87' lang='lat' dir='ltr'><strong>imperatore</strong></span> <span class='ocrx_word' id='word_1_269' title='bbox 1146 3917 1347 3992; x_wconf 86' lang='lat' dir='ltr'><strong>charissimo</strong></span> <span class='ocrx_word' id='word_1_270' title='bbox 1363 3919 1440 3993; x_wconf 83' lang='lat' dir='ltr'><strong>viro</strong></span> <span class='ocrx_word' id='word_1_271' title='bbox 1457 3929 1574 3994; x_wconf 89' lang='lat' dir='ltr'><strong>nostro</strong></span> <span class='ocrx_word' id='word_1_272' title='bbox 1592 3921 1683 3996; x_wconf 93' lang='lat' dir='ltr'><strong>hone</strong></span> 
     </span>
     <span class='ocr_line' id='line_1_29' title="bbox 267 4041 1682 4134; baseline 0.004 -22"><span class='ocrx_word' id='word_1_273' title='bbox 267 4041 431 4114; x_wconf 89' lang='lat' dir='ltr'><strong>memorie</strong></span> <span class='ocrx_word' id='word_1_274' title='bbox 447 4041 583 4116; x_wconf 88' lang='lat' dir='ltr'><strong>indulta</strong></span> <span class='ocrx_word' id='word_1_275' title='bbox 597 4052 632 4114; x_wconf 87' lang='lat' dir='ltr'><strong>et</strong></span> <span class='ocrx_word' id='word_1_276' title='bbox 648 4063 768 4116; x_wconf 91' lang='lat' dir='ltr'><strong>omnes</strong></span> <span class='ocrx_word' id='word_1_277' title='bbox 782 4041 1011 4129; x_wconf 86' lang='lat' dir='ltr'><strong>obedientias,</strong></span> <span class='ocrx_word' id='word_1_278' title='bbox 1030 4041 1198 4132; x_wconf 85' lang='lat' dir='ltr'><strong>homines,</strong></span> <span class='ocrx_word' id='word_1_279' title='bbox 1215 4042 1355 4134; x_wconf 88' lang='lat' dir='ltr'><strong>casalia,</strong></span> <span class='ocrx_word' id='word_1_280' title='bbox 1373 4042 1585 4132; x_wconf 84' lang='lat' dir='ltr'><strong>molendina,</strong></span> <span class='ocrx_word' id='word_1_281' title='bbox 1602 4065 1682 4118; x_wconf 89' lang='lat' dir='ltr'><strong>cum</strong></span> 
     </span>
     <span class='ocr_line' id='line_1_30' title="bbox 266 4165 1681 4264; baseline 0.004 -27"><span class='ocrx_word' id='word_1_282' title='bbox 266 4165 428 4238; x_wconf 90' lang='lat' dir='ltr'><strong>omnibns</strong></span> <span class='ocrx_word' id='word_1_283' title='bbox 456 4165 731 4262; x_wconf 88' lang='lat' dir='ltr'><strong>possessionibus</strong></span> <span class='ocrx_word' id='word_1_284' title='bbox 758 4177 793 4241; x_wconf 92' lang='lat' dir='ltr'><strong>et</strong></span> <span class='ocrx_word' id='word_1_285' title='bbox 816 4167 1014 4240; x_wconf 89' lang='lat' dir='ltr'><strong>tenimentis</strong></span> <span class='ocrx_word' id='word_1_286' title='bbox 1040 4189 1110 4264; x_wconf 92' lang='lat' dir='ltr'><strong>que</strong></span> <span class='ocrx_word' id='word_1_287' title='bbox 1130 4168 1407 4264; x_wconf 89' lang='lat' dir='ltr'><strong>prenominatum</strong></span> <span class='ocrx_word' id='word_1_288' title='bbox 1435 4169 1681 4244; x_wconf 87' lang='lat' dir='ltr'><strong>monasterium</strong></span> 
     </span>
    </p>
   </div>
   <div class='ocr_carea' id='block_1_5' title="bbox 266 4361 1681 4769">
    <p class='ocr_par' dir='ltr' id='par_1_5' title="bbox 266 4361 1681 4544">
     <span class='ocr_line' id='line_1_31' title="bbox 309 4361 1681 4444; baseline 0.004 -21"><span class='ocrx_word' id='word_1_289' title='bbox 309 4361 352 4443; x_wconf 86' lang='lat' dir='ltr'><strong>(a)</strong></span> <span class='ocrx_word' id='word_1_290' title='bbox 371 4365 566 4444; x_wconf 79' lang='lat' dir='ltr'><strong>lnprlvlleglo</strong></span> <span class='ocrx_word' id='word_1_291' title='bbox 578 4366 696 4426; x_wconf 85' lang='lat' dir='ltr'><strong>Henrlcl</strong></span> <span class='ocrx_word' id='word_1_292' title='bbox 707 4365 823 4444; x_wconf 82' lang='lat' dir='ltr'><strong>legitur,</strong></span> <span class='ocrx_word' id='word_1_293' title='bbox 835 4366 887 4427; x_wconf 87' lang='lat' dir='ltr'><strong>sed</strong></span> <span class='ocrx_word' id='word_1_294' title='bbox 896 4363 1150 4428; x_wconf 73' lang='lat' dir='ltr'><strong>mendosetcaaolc</strong></span> <span class='ocrx_word' id='word_1_295' title='bbox 1163 4367 1291 4442; x_wconf 73' lang='lat' dir='ltr'><strong>Cenasti,</strong></span> <span class='ocrx_word' id='word_1_296' title='bbox 1301 4363 1585 4442; x_wconf 66' lang='lat' dir='ltr'><strong>mahomeria,</strong></span> <span class='ocrx_word' id='word_1_297' title='bbox 1595 4363 1681 4428; x_wconf 78' lang='lat' dir='ltr'><strong>orcla-</strong></span> 
     </span>
     <span class='ocr_line' id='line_1_32' title="bbox 266 4467 1191 4544; baseline 0.008 -17"><span class='ocrx_word' id='word_1_298' title='bbox 266 4469 341 4528; x_wconf 84' lang='lat' dir='ltr'><strong>rt&#39;am</strong></span> <span class='ocrx_word' id='word_1_299' title='bbox 354 4469 438 4528; x_wconf 81' lang='lat' dir='ltr'><strong>Petri</strong></span> <span class='ocrx_word' id='word_1_300' title='bbox 453 4467 488 4530; x_wconf 78' lang='lat' dir='ltr'><strong>de</strong></span> <span class='ocrx_word' id='word_1_301' title='bbox 505 4471 600 4544; x_wconf 76' lang='lat' dir='ltr'><strong>Burri,</strong></span> <span class='ocrx_word' id='word_1_302' title='bbox 620 4467 764 4532; x_wconf 70' lang='lat' dir='ltr'><strong>mahalom</strong></span> <span class='ocrx_word' id='word_1_303' title='bbox 782 4473 889 4534; x_wconf 77' lang='lat' dir='ltr'><strong>Sancte</strong></span> <span class='ocrx_word' id='word_1_304' title='bbox 905 4473 1001 4536; x_wconf 76' lang='lat' dir='ltr'><strong>Maria</strong></span> <span class='ocrx_word' id='word_1_305' title='bbox 1019 4471 1054 4534; x_wconf 78' lang='lat' dir='ltr'><strong>de</strong></span> <span class='ocrx_word' id='word_1_306' title='bbox 1072 4471 1191 4534; x_wconf 85' lang='lat' dir='ltr'><strong>Politia.</strong></span> 
     </span>
    </p>

    <p class='ocr_par' dir='ltr' id='par_1_6' title="bbox 310 4573 1568 4660">
     <span class='ocr_line' id='line_1_33' title="bbox 310 4573 1568 4660; baseline 0.006 -24"><span class='ocrx_word' id='word_1_307' title='bbox 310 4573 350 4654; x_wconf 82' lang='lat' dir='ltr'><strong>(b)</strong></span> <span class='ocrx_word' id='word_1_308' title='bbox 372 4575 481 4642; x_wconf 71' lang='lat' dir='ltr'><strong>sets.</strong></span> <span class='ocrx_word' id='word_1_309' title='bbox 502 4579 536 4641; x_wconf 87' lang='lat' dir='ltr'><strong>S.</strong></span> <span class='ocrx_word' id='word_1_310' title='bbox 555 4580 621 4642; x_wconf 77' lang='lat' dir='ltr'><strong>Pet.</strong></span> <span class='ocrx_word' id='word_1_311' title='bbox 637 4578 672 4640; x_wconf 76' lang='lat' dir='ltr'><strong>de</strong></span> <span class='ocrx_word' id='word_1_312' title='bbox 696 4579 778 4641; x_wconf 81' lang='lat' dir='ltr'><strong>Terei</strong></span> <span class='ocrx_word' id='word_1_313' title='bbox 789 4581 898 4643; x_wconf 83' lang='lat' dir='ltr'><strong>desunt</strong></span> <span class='ocrx_word' id='word_1_314' title='bbox 911 4585 943 4642; x_wconf 95' lang='lat' dir='ltr'><strong>lu</strong></span> <span class='ocrx_word' id='word_1_315' title='bbox 956 4585 1041 4660; x_wconf 87' lang='lat' dir='ltr'><strong>oopln</strong></span> <span class='ocrx_word' id='word_1_316' title='bbox 1054 4583 1265 4644; x_wconf 82' lang='lat' dir='ltr'><strong>Panormitano</strong></span> <span class='ocrx_word' id='word_1_317' title='bbox 1278 4583 1424 4660; x_wconf 80' lang='lat' dir='ltr'><strong>prtrilegll</strong></span> <span class='ocrx_word' id='word_1_318' title='bbox 1438 4583 1568 4644; x_wconf 79' lang='lat' dir='ltr'><strong>Raurici.</strong></span> 
     </span>
    </p>

    <p class='ocr_par' dir='ltr' id='par_1_7' title="bbox 307 4683 1460 4769">
     <span class='ocr_line' id='line_1_34' title="bbox 307 4683 1460 4769; baseline 0.005 -26"><span class='ocrx_word' id='word_1_319' title='bbox 307 4683 344 4763; x_wconf 84' lang='lat' dir='ltr'><strong>(a)</strong></span> <span class='ocrx_word' id='word_1_320' title='bbox 365 4685 401 4746; x_wconf 95' lang='lat' dir='ltr'><strong>ln</strong></span> <span class='ocrx_word' id='word_1_321' title='bbox 414 4687 569 4766; x_wconf 76' lang='lat' dir='ltr'><strong>prlvllaglo</strong></span> <span class='ocrx_word' id='word_1_322' title='bbox 581 4688 726 4750; x_wconf 76' lang='lat' dir='ltr'><strong>Bennoi:</strong></span> <span class='ocrx_word' id='word_1_323' title='bbox 742 4689 778 4753; x_wconf 85' lang='lat' dir='ltr'><strong>S.</strong></span> <span class='ocrx_word' id='word_1_324' title='bbox 796 4689 882 4752; x_wconf 80' lang='lat' dir='ltr'><strong>Petri</strong></span> <span class='ocrx_word' id='word_1_325' title='bbox 898 4687 933 4750; x_wconf 82' lang='lat' dir='ltr'><strong>dc</strong></span> <span class='ocrx_word' id='word_1_326' title='bbox 949 4691 1069 4766; x_wconf 73' lang='lat' dir='ltr'><strong>taam,</strong></span> <span class='ocrx_word' id='word_1_327' title='bbox 1085 4689 1119 4750; x_wconf 89' lang='lat' dir='ltr'><strong>S.</strong></span> <span class='ocrx_word' id='word_1_328' title='bbox 1130 4685 1246 4753; x_wconf 73' lang='lat' dir='ltr'><strong>Nimiae·</strong></span> <span class='ocrx_word' id='word_1_329' title='bbox 1259 4685 1335 4749; x_wconf 78' lang='lat' dir='ltr'><strong>dello</strong></span> <span class='ocrx_word' id='word_1_330' title='bbox 1352 4687 1460 4769; x_wconf 81' lang='lat' dir='ltr'><strong>Spodu.</strong></span> 
     </span>
    </p>
   </div>
   <div class='ocr_carea' id='block_1_6' title="bbox 0 0 2224 5940">
    <p class='ocr_par' dir='ltr' id='par_1_8' title="bbox 0 0 2224 5940">
     <span class='ocr_line' id='line_1_35' title="bbox 0 0 2224 5940; baseline 0 0"><span class='ocrx_word' id='word_1_331' title='bbox 0 0 2224 5940; x_wconf 95' lang='lat' dir='ltr'><strong> </strong></span> 
     </span>
    </p>
   </div>
  </div>
 </body>
</html>
