4284 5942
529 474 589 536 326
1031 474 1243 538 batoeatct
1267 476 1439 538 secubat
1754 475 1835 556 [dart.
1854 478 1940 540 tata

532 611 718 684 eminentia
736 612 869 682 nullum
886 621 1001 706 preter
1021 634 1101 699 nus,
1126 633 1191 684 nec
1212 613 1405 687 secundnm
1422 611 1527 686 debet
1542 611 1669 686 babere
1694 634 1938 708 pumessnrem.

533 737 602 811 Sed
627 734 794 830 quamdiu
820 735 1002 823 absumus,
1028 738 1138 832 ipsam
1161 757 1222 834 per
1244 713 1400 828 ejusdem
1422 737 1489 810 loci
1509 737 1805 832 archiepiscopum
1822 747 1858 810 et
1879 761 1942 834 per

534 859 747 934 cathedrales
775 861 958 933 canonicos
986 861 1152 934 custodiri
1184 871 1329 958 oportet.
1363 863 1464 934 Nulla
1488 861 1580 933 enim
1615 862 1747 936 ratione
1780 864 1942 936 volumus

534 986 695 1059 ecclesias
719 1005 783 1056 suo
808 988 886 1078 jure
913 985 1084 1068 fraudari,
1106 995 1141 1058 et
1167 986 1365 1059 tirannicam
1393 995 1593 1082 potestatem
1617 987 1653 1058 in
1682 986 1884 1060 clericorum
1908 999 1943 1062 et

535 1131 674 1182 snorum
697 1109 889 1182 cervicibus
908 1108 1091 1181 dominari.
1111 1111 1266 1182 Pretcrea
1285 1121 1434 1184 castrum
1454 1111 1567 1183 Sancti
1585 1110 1771 1184 theuderii
1790 1111 1841 1206 (l)
1862 1133 1941 1184 cum

536 1233 747 1330 pertinentiis
769 1233 857 1322 suis,
878 1234 1040 1306 universa
1061 1256 1201 1328 quoque
1219 1235 1358 1330 predia,
1380 1256 1568 1329 omnesque
1587 1256 1641 1308 res
1657 1244 1691 1308 et
1707 1237 1941 1329 possessiones

532 1378 770 1453 quascumque
784 1358 838 1428 vel
854 1358 888 1428 in
904 1359 1182 1452 quibuscumque
1193 1359 1277 1430 locis
1289 1360 1344 1430 vel
1358 1361 1475 1453 regnis
1494 1359 1569 1432 sive
1583 1360 1803 1432 comitatibus
1818 1361 1942 1453 prede·

536 1505 685 1556 cessores
702 1483 804 1555 nostri
824 1481 895 1554 divi
916 1503 1016 1575 reges
1032 1493 1065 1554 et
1083 1484 1307 1578 imperatores
1325 1505 1344 1554 a
1359 1483 1531 1577 primitiva
1545 1485 1697 1556 Ecclesia
1713 1483 1828 1556 eidem
1842 1486 1940 1557 matri

534 1607 677 1680 ecclesie
701 1605 815 1678 Sancti
845 1607 995 1677 llauritii
1021 1607 1225 1679 Viennensis
1249 1609 1427 1703 metropoli
1451 1608 1496 1680 ad
1521 1618 1636 1681 nostra
1659 1630 1771 1704 usque
1788 1619 1941 1704 tempora

534 1743 722 1830 spontanee
743 1732 972 1819 contulerunt,
989 1733 1044 1804 vel
1062 1733 1118 1804 alii
1139 1733 1312 1828 principes
1330 1754 1391 1806 seu
1408 1733 1553 1827 quilibet
1566 1735 1638 1805 Deo
1660 1731 1779 1806 fideles
1797 1756 1859 1828 pro
1880 1756 1942 1806 re-

535 1859 651 1933 medio
672 1859 787 1931 anime
807 1879 870 1929 sue
889 1857 945 1930 vel
961 1857 1117 1951 qualibet
1141 1858 1207 1930 ulia
1227 1858 1283 1953 pia
1304 1857 1489 1932 devotione
1505 1858 1560 1932 vel
1581 1857 1650 1932 alia
1663 1859 1759 1952 justa
1776 1879 1880 1932 causa
1895 1858 1941 1932 ad

535 1981 692 2058 eamdem
709 1981 887 2054 ecclesiam
904 1981 1152 2054 transtulerunt
1163 1981 1220 2054 vel
1233 1981 1269 2054 in
1285 1983 1437 2084 loturum
1452 1981 1700 2072 transtulerint,
1718 2002 1779 2076 per
1792 1990 1941 2054 nostram

536 2106 665 2202 regiam
690 2105 925 2178 anctoritatem
946 2104 1060 2178 eidem
1083 2105 1227 2178 ecclesie
1248 2105 1395 2199 ejusque
1412 2105 1602 2178 rectoribus
1623 2105 1737 2178 omnis
1758 2105 1941 2180 confirma-

536 2232 638 2304 tionis
671 2230 861 2302 munimine
894 2229 1110 2302 roboramus.
1141 2230 1260 2324 ltaque
1289 2229 1513 2326 precipiendo
1546 2230 1722 2302 sancimus
1748 2231 1943 2326 pariterque

531 2356 694 2449 jubemus
710 2365 748 2427 ut
766 2355 882 2427 nullus
895 2355 1009 2448 judex
1025 2355 1185 2450 publicus
1201 2356 1257 2430 vel
1272 2355 1416 2448 quilibet
1430 2376 1477 2426 ex
1488 2353 1671 2444 judiciaria
1685 2364 1851 2448 potestate
1868 2357 1943 2429 sive

534 2481 660 2576 aliquis
679 2502 724 2553 ex
748 2479 908 2552 fidelibus
929 2481 1055 2553 nostris
1077 2479 1113 2550 in
1139 2479 1295 2552 ecclesiis
1313 2488 1374 2550 aut
1392 2479 1476 2552 locis
1495 2479 1550 2550 vel
1575 2477 1668 2570 agris
1689 2501 1750 2552 seu
1769 2479 1943 2574 aliquibus

533 2605 809 2703 possessionibus
831 2605 974 2678 ecclesie
1005 2607 1206 2678 Sanctorum
1245 2605 1431 2698 Martyrum
1468 2603 1620 2694 Vienna,
1655 2625 1743 2697 quus
1778 2605 1943 2678 moderno

535 2741 688 2826 tempore
706 2731 799 2821 juste
815 2741 849 2802 ot
867 2729 1112 2802 rationabiliter
1131 2729 1167 2800 in
1185 2727 1395 2822 quibusdam
1415 2727 1514 2822 pagis
1533 2737 1593 2800 ant
1609 2727 1822 2822 quibuslibet
1839 2730 1943 2800 terri-

537 2857 632 2930 toriis
652 2855 828 2950 possidere
847 2854 987 2926 videtur
1003 2855 1059 2926 vel
1079 2853 1302 2948 quibusoam
1322 2852 1442 2926 divina
1455 2856 1614 2946 majestas
1635 2875 1763 2948 angere
1780 2855 1941 2944 voluerit,

536 2981 583 3056 ad
608 2977 729 3053 causas
755 2979 940 3070 judiciario
966 2991 1059 3051 mure
1085 2977 1277 3052 audiendas
1303 2977 1360 3050 vel
1385 2976 1481 3050 trena
1510 2986 1570 3049 aut
1600 2979 1864 3054 mansionaticos
1888 2981 1944 3052 vel

535 3116 671 3203 paratus
695 3103 882 3194 iaciendas,
901 3113 963 3176 aut
978 3103 1198 3194 fidejussores
1218 3103 1387 3176 tollendos
1404 3123 1481 3176 esse
1493 3101 1628 3194 judicet
1645 3123 1707 3176 seu
1727 3104 1845 3178 tollere
1860 3126 1952 3200 pre-

535 3241 664 3323 sumat;
685 3229 842 3302 homines
861 3228 1023 3302 videlicet
1039 3228 1183 3302 ecclesie
1198 3236 1269 3300 tum
1288 3248 1408 3300 seruus
1425 3247 1531 3320 qnam
1549 3227 1719 3322 ingennus
1734 3251 1847 3323 neque
1866 3229 1946 3302 dis-

534 3359 686 3452 tinguat,
704 3375 818 3450 neque
837 3353 926 3426 ullas
943 3352 1169 3428 redibitiones
1188 3351 1245 3425 vel
1266 3351 1403 3424 illicitas
1421 3351 1618 3424 occasiones
1638 3352 1764 3446 injuste
1777 3353 1943 3447 requirat,

534 3491 595 3554 aut
611 3480 793 3555 occasione
813 3477 935 3575 gardie
960 3477 1161 3551 violentiam
1181 3476 1321 3568 inlerat3
1343 3495 1412 3550 non
1436 3475 1634 3550 theloneum
1660 3477 1736 3550 sive
1757 3477 1945 3572 pedagium

535 3609 571 3678 in
590 3605 683 3700 agris
697 3605 754 3679 vel
769 3605 880 3696 terris,
895 3623 964 3676 nun
981 3601 1224 3676 redibitionem
1243 3599 1288 3674 de
1306 3600 1456 3696 pascuis,
1478 3621 1546 3674 non
1562 3600 1776 3694 silvaticum,
1799 3623 1868 3676 non
1889 3603 1946 3674 lu·

533 3731 714 3820 muticum,
747 3749 817 3800 non
843 3727 1095 3823 pulveraticum
1127 3727 1272 3820 exigere
1303 3725 1448 3818 audeat;
1480 3724 1543 3800 sed
1568 3725 1737 3821 quicquid
1770 3725 1946 3800 derebus

533 3855 663 3954 pretate
682 3851 826 3926 ecclesie
846 3860 980 3947 poterat
1002 3851 1108 3924 fiscus
1127 3851 1287 3946 exigere,
1312 3860 1422 3924 totum
1442 3871 1507 3922 nos
1528 3871 1590 3946 pro
1615 3859 1734 3924 emma
1746 3872 1945 3926 remunera·

535 3981 629 4056 tione
644 3977 797 4075 predicte
811 3975 955 4050 ecclesie
968 3977 1173 4050 remissione
1188 3985 1355 4071 perpetua
1373 3973 1609 4064 concedimus,
1629 3983 1668 4046 ut
1677 3975 1807 4069 jugiter
1822 3975 1944 4048 Christi

535 4106 683 4180 famulos
705 4104 741 4176 in
759 4102 831 4196 jam
850 4100 941 4176 dicta
961 4101 1106 4176 ecclesia
1132 4102 1358 4198 persistentes
1375 4100 1438 4173 Dei
1462 4101 1730 4174 misericordiam
1757 4124 1819 4196 pro
1846 4101 1946 4174 nobis

535 4249 679 4305 exorare
700 4227 859 4302 delectet.
879 4229 991 4324 Super
1009 4227 1074 4301 bec
1096 4227 1214 4301 omnia
1233 4226 1402 4322 quioquid
1424 4247 1485 4322 per
1506 4225 1751 4320 negligentiam
1775 4237 1944 4300 rectorum

536 4378 557 4429 a
576 4355 691 4451 pravis
709 4353 909 4427 bominibus
931 4353 1084 4425 ablatum
1113 4361 1218 4446 atquo
1236 4351 1395 4424 avulsum
1418 4351 1476 4424 vel
1494 4349 1668 4448 direptum
1684 4360 1747 4441 est,
1770 4352 1837 4423 snb
1852 4352 1943 4424 omni

572 4667 610 4737 (t)
628 4665 745 4738 Burgum
756 4663 833 4722 bodie
843 4663 944 4722 dictum
958 4663 1133 4737 Sciat-Olus
1144 4663 1244 4736 llsc'rc),
1257 4661 1304 4720 ubi
1317 4667 1440 4737 superest
1452 4661 1564 4719 ecclesia
1577 4661 1680 4718 lormae
1692 4659 1832 4718 mirabilis.
