4382 5946
231 593 329 654 rrum.
344 589 388 669 a]
680 583 875 648 nrsronra
900 579 1192 646 urruournrrcn
1576 569 1638 634 aaa

232 734 286 799 est
305 729 419 798 vestro
436 720 626 818 patrocinio
651 721 813 810 relevari,
840 741 1002 816 rogamus
1027 716 1189 792 attentius
1214 722 1248 786 et
1269 731 1450 786 monemus
1465 717 1638 804 quatenus

232 869 337 945 super
361 848 405 920 iis
420 867 490 942 que
515 845 708 919 necessarie
734 831 817 918 s'unt
840 845 1020 919 eonsilium
1039 851 1074 916 et
1093 839 1263 916 auxilium
1285 833 1505 934 impendatis.
1528 835 1640 928 Super

233 972 386 1046 dolorem
408 971 439 1043 si
461 969 603 1065 quidem
633 967 730 1042 dolor
757 967 917 1064 adjicitur
938 965 1035 1062 quod
1059 963 1215 1058 ejusdem
1240 962 1351 1036 fratris
1379 959 1487 1032 nostri
1513 977 1639 1052 eorpus

232 1095 361 1170 dieitur
377 1095 607 1191 insepultum,
628 1102 669 1165 ut
686 1113 734 1166 ox
751 1113 793 1166 eo
807 1093 908 1165 nobis
921 1090 1077 1186 quotidie
1099 1089 1263 1162 morietur
1284 1085 1349 1182 (l).
1367 1086 1441 1157 Erit
1457 1084 1502 1158 de
1522 1081 1638 1156 studio

233 1227 347 1292 vestro
364 1227 404 1291 ut
423 1219 543 1292 saltem
560 1217 699 1291 modieo
715 1193 760 1289 sit
781 1215 908 1310 dignus
926 1217 1058 1287 tumulo
1074 1223 1123 1286 tot
1146 1211 1400 1309 provinciarum
1425 1205 1586 1281 dominus
1604 1214 1640 1279 et

233 1363 347 1439 capax
363 1342 501 1416 animus
517 1350 566 1414 tot
581 1341 762 1414 virtutum.
780 1340 854 1412 llrit
866 1338 1090 1412 nihilominus
1106 1337 1151 1410 de
1168 1334 1399 1408 sollicitudine
1414 1340 1527 1404 vestre
1543 1329 1639 1426 apud

235 1466 414 1541 dominum
436 1487 563 1562 papam
583 1464 790 1539 intervenire
805 1464 1006 1562 suppliciter
1025 1483 1129 1558 super
1150 1469 1240 1532 statu
1264 1459 1384 1554 pupilli
1402 1456 1494 1550 regis
1510 1453 1589 1544 filii,
1606 1455 1640 1527 ei

235 1591 417 1666 salubriter
431 1588 637 1667 ordinando.

447 1887 1428 1906 ..n-W*

289 2177 521 2286 luidonem,
540 2177 799 2262 Romanorum
817 2204 903 2284 rex,
923 2202 969 2260 eo
986 2175 1048 2259 die
1065 2200 1143 2286 quo
1161 2199 1298 2284 eorpus
1315 2175 1441 2285 patrui
1465 2174 1525 2258 sui
1546 2122 1646 2260 Plri-

236 2311 329 2420 lippi
348 2338 372 2394 e
388 2312 537 2396 ciuitate
549 2311 822 2422 Bembergensi
839 2309 1067 2393 translatum
1084 2309 1125 2391 in
1143 2309 1300 2392 eoelesia
1316 2308 1461 2418 majore
1479 2308 1648 2418 Spirensi
1738 2290 1799 2322 “⁹⁰²
1847 2305 1855 2322 ‘

239 2446 387 2554 sepeliri
405 2445 514 2552 feeit,
539 2445 663 2528 eidem
694 2443 872 2528 eeclesiae
902 2443 1099 2528 ecelesiam
1123 2443 1164 2524 in
1191 2442 1392 2553 Esslingen
1421 2443 1471 2525 ad
1498 2467 1539 2526 se
1559 2442 1648 2552 jure
1774 2463 1780 2474 ·

236 2577 487 2663 haereditario
509 2577 758 2688 pertinentem
785 2603 874 2662 eum
896 2576 984 2688 jure
1009 2585 1232 2688 potronatus
1258 2585 1296 2661 et
1321 2575 1532 2660 redditibus
1550 2577 1647 2660 uni-

238 2711 355 2794 versis
372 2712 508 2819 trudit,
526 2723 570 2795 ut
584 2711 860 2797 anniversarios
877 2710 996 2822 patris
1014 2720 1052 2795 et
1068 2710 1194 2821 patrui
1212 2711 1272 2795 sui
1289 2709 1433 2823 majore
1451 2710 1648 2796 deuotione

238 2845 410 2929 ennoniei
432 2846 610 2930 ordinent
627 2846 822 2930 celebrari.

319 3061 415 3136 (Edit.
435 3078 484 3140 up.
499 3063 659 3138 muto,
678 3057 806 3123 ornant
824 3057 877 3122 der
896 3057 1024 3137 Bitelttse
1038 3057 1210 3141 zoSpeyer,
1225 3076 1255 3137 p.
1274 3063 1648 3136 147,n⁹1t²;ooll.eum

359 3166 434 3228 libro
447 3167 569 3247 obligat.
583 3167 676 3246 Spin,
689 3173 714 3228 t.
729 3167 763 3242 l,
779 3165 833 3228 iol.
849 3174 899 3241 90,
913 3169 945 3228 ln
959 3165 1041 3228 aruh.
1053 3164 1286 3246 llerlaruhensl.)

289 3353 327 3425 ln
346 3353 484 3428 nomine
502 3363 619 3428 sancte
637 3363 672 3428 et
692 3351 876 3428 individue
894 3353 1080 3426 Trinitatis.
1103 3349 1295 3426 Fridericus
1314 3351 1506 3445 secundus,
1528 3353 1649 3430 divina

240 3478 378 3552 invente
399 3479 579 3553 elementia
600 3481 831 3553 Romanorum
847 3501 912 3552 rex
933 3487 967 3551 et
983 3499 1119 3574 semper
1137 3487 1305 3570 augustus
1324 3487 1359 3553 et
1376 3501 1442 3553 rex
1459 3479 1592 3573 Sicilie,
1612 3481 1649 3554 in

240 3614 457 3700 perpetuum.
479 3605 516 3678 Si
542 3603 673 3678 homini
696 3604 806 3700 judeo
831 3603 948 3678 adhue
969 3604 1036 3676 snb
1058 3603 1181 3682 umbra
1202 3605 1290 3700 legis
1313 3606 1441 3682 veteris
1466 3605 1651 3681 eonstituto

241 3727 457 3824 superfluum
477 3727 663 3803 ridebatur
684 3737 719 3804 et
740 3751 871 3803 vanum
893 3749 990 3803 orere
1006 3749 1068 3825 pro
1088 3729 1253 3822 mortuis,
1269 3729 1336 3803 nisi
1358 3731 1498 3828 eosqui
1522 3731 1651 3807 deces-

242 3861 356 3925 serant
378 3863 531 3949 speraret
555 3853 846 3946 ressuscitandos,
871 3875 934 3928 nos
957 3855 1020 3948 qui
1044 3855 1111 3927 sub
1137 3864 1290 3951 tempore
1314 3856 1423 3951 gretie
1444 3865 1479 3930 et
1496 3857 1651 3932 veritatis

241 3997 364 4049 eumue
386 3977 580 4068 constituti,
598 3977 665 4051 sub
692 3977 852 4052 firmitate
875 3975 1040 4052 eutholioe
1059 3977 1141 4053 fidei
1159 3978 1205 4054 de
1226 3979 1339 4060 lutura
1358 3991 1571 4055 mortuorum
1586 4003 1651 4055 re-

241 4100 450 4174 surreetione
461 4100 621 4176 dubitare
634 4123 704 4176 non
717 4125 919 4198 pessumum
931 4101 1068 4177 salubre
1080 4105 1354 4180 etneeessarium
1368 4127 1467 4182 orare
1480 4129 1544 4204 pro
1560 4107 1649 4182 caria

242 4223 367 4298 nostris
384 4223 584 4318 judicamus
601 4235 636 4300 et
655 4226 835 4322 largitione
857 4227 1133 4324 elemosynarum
1155 4228 1206 4302 eis
1225 4229 1428 4324 subvenire,
1448 4241 1490 4305 ut
1506 4231 1537 4304 si
1561 4233 1648 4308 forte

278 4530 315 4604 (t)
334 4529 429 4590 Fuisse
440 4546 506 4590 uero
518 4531 627 4590 demum
638 4531 711 4608 regis
721 4531 793 4591 Petri
807 4545 906 4608 eorpus
917 4533 1069 4607 sepulturae
1081 4533 1236 4592 mandatum
1250 4536 1278 4594 in
1289 4538 1449 4598 monasterio
1459 4539 1600 4600 Sirenemi
1613 4541 1647 4601 uh

242 4629 429 4704 llospitelariis
442 4629 578 4704 equitibus
590 4647 658 4706 quoe
671 4631 775 4706 magnis
788 4631 1034 4706 opionionem,
1048 4633 1156 4691 tradunt
1172 4632 1252 4692 Guill.
1272 4634 1306 4694 de
1325 4635 1406 4695 Podio
1425 4643 1453 4696 et
1472 4637 1556 4698 Gesta
1575 4655 1647 4702 oom.

241 4727 423 4787 aureinviue
436 4727 672 4803 alienaturum„
687 4730 815 4791 clamito.
830 4729 865 4788 ed
878 4745 941 4789 eun.
955 4725 1034 4789 titel
