4378 5954
213 571 315 634 lrurcr.
333 567 393 651 la]
663 557 862 623 IIIS'I'OIIIA
886 557 1177 625 oleuotrartce.

268 1161 482 1248 Fridericus
499 1187 567 1244 rex
582 1159 736 1247 Siciliae
751 1159 884 1245 domui
900 1157 1099 1268 hospitalis
1117 1157 1245 1244 Sancti
1262 1157 1444 1242 Iohannis
1456 1157 1632 1244 Hieroso-

217 1297 380 1380 limitaui
406 1297 455 1380 de
479 1295 655 1382 Messana
684 1294 802 1378 donat
837 1295 876 1376 in
907 1302 1132 1403 perpetuum
1163 1299 1386 1376 montanam
1412 1293 1628 1404 Mosellam,

217 1457 317 1542 qnae
334 1441 392 1514 est
405 1428 514 1540 juxta
531 1427 782 1512 tenimentum
804 1426 1012 1538 Nugariae,
1037 1451 1126 1510 cum
1152 1426 1331 1511 omnibus
1349 1426 1507 1538 justitiis
1528 1427 1626 1538 ejus.

298 1643 424 1726 (rure.
450 1645 558 1722 pean
579 1641 617 1704 a.
632 1642 763 1718 umus,
777 1636 862 1704 seo.
876 1656 970 1716 sm,
986 1646 1011 1702 t.
1032 1641 1079 1716 11,
1098 1655 1130 1718 p.
1156 1621 1567 1719 urr.-‘uumi,'c0a.1rar.
1582 1641 1629 1705 a·-

334 1747 690 1832 malopassu.)

269 1937 464 2014 Frideriuus
481 1961 545 2012 rex
561 1939 715 2031 Siciliae,
732 1947 799 2013 eto.
819 1937 1042 2012 Attendeutes
1058 1937 1234 2032 religionis
1251 1935 1408 2012 ordinem
1425 1939 1462 2010 in
1480 1961 1551 2033 quo
1569 1961 1631 2036 per

219 2063 461 2160 hospitalitatis
473 2073 507 2137 et
520 2063 633 2138 divini
648 2063 762 2136 cultus
776 2063 1029 2137 observantiam
1045 2063 1165 2136 tratres
1183 2063 1310 2137 domus
1326 2063 1504 2159 hospitalis
1517 2065 1631 2138 Sancti

219 2185 385 2262 Iohannis
416 2187 690 2284 ierosolymitaui
720 2185 766 2260 de
792 2187 949 2262 Messana
976 2185 1194 2259 laudabiliter
1223 2186 1369 2260 Domino
1395 2189 1626 2278 famulantum

221 2311 314 2384 illius
337 2311 465 2384 iutuitu
488 2311 549 2406 qui
572 2311 632 2386 dat
654 2311 799 2384 sulutem
825 2311 982 2406 regibus,
1008 2333 1073 2406 pro
1097 2311 1250 2386 remedIo
1272 2333 1414 2407 quoque
1438 2314 1630 2388 animarum

221 2445 447 2531 augustorum
464 2436 556 2510 bone
572 2435 736 2509 memorie
750 2447 930 2532 pareutum
949 2445 1159 2528 noseorum,
1184 2436 1355 2509 donamus
1371 2438 1406 2508 in
1425 2450 1630 2534 perpetuum

220 2563 335 2636 eidem
354 2561 474 2636 domui
493 2561 672 2658 hospitaIIs
689 2561 847 2634 Messana
864 2570 1027 2634 montana
1051 2561 1228 2634 Mesolletu
1247 2583 1317 2656 qua
1341 2570 1393 2634 est
1414 2563 1517 2655 juxta
1540 2565 1631 2636 teui-

221 2697 375 2760 mentum
392 2687 557 2782 NugarIe‚
573 2707 653 2759 eum
671 2685 834 2758 omuibus
847 2684 1006 2778 justitiIs‚
1024 2683 1152 2756 finibus
1166 2707 1208 2758 ac
1224 2681 1354 2758 divitiis
1371 2685 1462 2775 suis,
1478 2695 1544 2758 etc.

271 2811 360 2884 Data
377 2811 413 2882 in
431 2809 569 2883 civitate
587 2809 714 2883 Catane
732 2830 794 2905 per
809 2830 934 2881 manus
951 2807 1115 2880 Gualterii
1134 2807 1179 2880 de
1199 2809 1335 2881 Pallene
1353 2807 1560 2882 venerahilis
1572 2811 1631 2883 Ca·

222 2935 376 3008 tarrensis
391 2935 541 3030 episcopi
559 2943 595 3007 et
611 2933 709 3028 regui
727 2933 841 3006 Sicilie
860 2933 1069 3024 cancellarii,
1085 2955 1177 3006 anuo
1194 2933 1343 3021 IICCIX,
1362 2955 1480 3008 meuse
1499 2933 1632 3008 decem·

222 3059 316 3152 bris,
336 3058 525 3132 indictione
542 3059 638 3152 XIII,
655 3059 754 3152 regni
773 3057 905 3132 domiui
921 3057 1088 3132 Friderioi
1104 3059 1183 3146 XII,
1201 3057 1356 3134 feliciter.

274 3667 487 3752 Friderious
505 3691 572 3749 rex
590 3664 739 3748 Siciliae
757 3662 917 3749 Iohanni
944 3662 992 3744 de
1010 3660 1156 3742 Transo
1178 3665 1216 3740 et
1236 3655 1463 3741 haeredibus
1485 3657 1568 3769 ejus
1594 3659 1634 3740 iu

221 3808 447 3908 perpetuum
465 3797 665 3882 confirmat
682 3797 870 3908 quidquid
882 3793 1099 3880 Willelmus
1117 3792 1165 3874 de
1184 3790 1414 3874 Grossavilla
1433 3817 1539 3875 socer
1552 3793 1634 3903 ejus

216 3929 319 4039 juste
332 3931 453 4014 tenuit
469 3941 507 4014 et
523 3931 703 4041 possedit.

302 4111 394 4224 (uuit.
410 4149 518 4224 partlm
538 4163 589 4225 ap.
605 4163 645 4206 us
667 4147 790 4221 Luuurs,
804 4144 930 4207 vecari
951 4137 1023 4202 delle
1034 4137 1156 4221 sumtpl.
1178 4135 1267 4201 antid
1286 4135 1334 4200 del
1352 4153 1442 4220 repro
1460 4136 1493 4200 di
1508 4139 1630 4220 Nepoti,

339 4269 410 4330 pars
425 4262 464 4329 1⁸,
479 4270 512 4331 p.
527 4255 610 4326 ⁴⁵1.)

270 4439 478 4528 Fridericus,
495 4451 548 4514 etc
552 4493 673 4513 .....
689 4441 773 4512 Cum
788 4440 894 4531 igitur
907 4447 944 4509 tu
958 4439 1107 4509 Ioannes
1121 4435 1166 4507 de
1178 4435 1320 4522 Irenae,
1334 4430 1445 4504 fidelis
1458 4441 1584 4521 noster,
1597 4432 1632 4503 iu

223 4575 337 4638 nostra
352 4567 557 4638 constitutus
567 4563 960 4662 presentiasupplicares
976 4559 1143 4652 maiestati
1159 4571 1273 4631 nostre
1287 4556 1378 4628 utde
1393 4555 1503 4650 gratia
1521 4567 1635 4628 nostra

222 4689 505 4762 confirmaremus
518 4690 579 4762 tibi
590 4701 715 4764 terram
724 4709 827 4784 quam
836 4689 928 4780 juste
940 4686 1049 4758 tenuit
1058 4683 1234 4780 quondam
1241 4681 1433 4756 Willelmus
1446 4680 1491 4755 de
1499 4681 1637 4754 Grossa·
