4434 5942
298 561 398 622 lmrtr.
417 555 481 637 l.]]
752 546 950 610 rrrsrortra
975 545 1267 608 nrrronarrcn

680 843 815 908 'ANNO
842 841 941 906 119&
964 877 1005 892 -
1024 841 1266 904 rttnrcrrottlt
1293 840 1320 904 l.

783 1095 1234 1128 Μ--ῡ--ν-

355 1351 600 1451 Constantia,
620 1349 880 1434 Romanorum
899 1347 1118 1458 imperatrix
1137 1357 1174 1430 et
1192 1345 1341 1430 Siciliae
1362 1345 1512 1456 regina,
1533 1371 1610 1428 una
1628 1371 1716 1429 cnm
1767 1366 1794 1410 1
1790 1367 1892 1464 drag

301 1483 492 1569 Friderico
509 1482 588 1568 filio
607 1508 692 1586 suo,
714 1481 860 1564 civibus
877 1481 1072 1566 Messanae
1090 1459 1290 1562 confirmat
1307 1504 1352 1562 ea
1369 1479 1498 1561 omnia
1516 1505 1615 1590 quae
1632 1479 1715 1560 im·
1771 1477 1813 1530 ¹⁸²
1784 1431 1893 1519 ”³⁸³3

301 1628 454 1728 perator
471 1617 687 1702 Henrious
676 1617 769 1728 rpsis
786 1615 982 1726 quondam
1000 1641 1068 1726 per
1084 1611 1324 1724 privilegium
1340 1611 1537 1696 concessit.

383 1833 507 1908 (Inedtt.
523 1851 562 1896 ex
575 1833 640 1896 ltbr.
654 1833 762 1912 coptnd
781 1829 1229 1910 prlrlleg.urblr'1rnpen1,tn
1247 1829 1368 1890 urcbtvo
1390 1834 1484 1892 senet.
1507 1829 1636 1960 Messon.
1660 1845 1714 1892 as-

424 1943 563 2016 servum

351 2127 391 2198 ln
419 2125 558 2198 nomina
588 2132 706 2198 sancte
732 2131 767 2196 et
790 2119 974 2196 individue
997 2121 1183 2194 Trinitatis.
1211 2119 1333 2194 Arnen.
1363 2119 1564 2196 Constancia
1594 2123 1714 2197 divina

303 2251 442 2322 favente
460 2247 639 2320 clementia
658 2245 873 2342 imperatrix,
893 2267 1030 2341 semper
1044 2255 1191 2336 angusta
1208 2255 1243 2320 et
1255 2247 1376 2340 regina
1390 2246 1516 2320 Sicilie.
1533 2250 1583 2321 De
1598 2249 1713 2321 muni·

303 2371 442 2446 licentia
457 2373 574 2444 innata
587 2369 687 2444 nobis
706 2370 918 2442 liberalitatis
939 2369 1073 2443 accedit
1088 2379 1127 2441 ut
1144 2369 1191 2444 ad
1210 2391 1329 2466 preces
1347 2367 1503 2442 fidelium
1521 2381 1712 2446 nostrornm

303 2499 437 2570 facilem
463 2495 668 2593 prebcamns
685 2517 863 2568 assensum
886 2504 921 2567 et
939 2515 1058 2567 eornm
1076 2494 1229 2568 maxime
1247 2494 1429 2592 petitiones
1447 2496 1632 2570 clementer
1651 2498 1714 2572 ad·

304 2622 494 2711 mittamus,
513 2641 662 2716 qnorum
678 2629 821 2715 experta
840 2617 927 2692 fidos
946 2629 980 2692 et
1001 2618 1141 2692 devotio
1158 2619 1316 2713 specialis
1337 2619 1544 2714 suffragatur
1564 2623 1609 2694 ad
1635 2646 1715 2696 me-

304 2746 408 2818 ritum
427 2755 461 2820 et
476 2744 661 2842 imperialis
679 2743 788 2837 gratie
805 2742 998 2836 largitatem
1020 2742 1066 2816 ad
1088 2741 1368 2838 prosequendum
1386 2742 1545 2816 effectum
1569 2769 1632 2818 sne
1653 2747 1715 2819 de·

304 2871 455 2944 notionis
480 2869 628 2944 inducit.
650 2867 739 2940 Hinc
755 2878 808 2940 est
828 2865 924 2962 quod
950 2887 1014 2938 nos
1036 2865 1251 2940 attendentes
1273 2867 1440 2938 fervorem
1464 2866 1657 2942 devotionis
1680 2882 1714 2944 et

304 2994 385 3068 fidei
402 3017 472 3090 qno
490 2993 693 3068 in'servitiis
713 3001 828 3066 nostre
849 2989 1103 3086 magnificentie
1121 2991 1252 3086 jugiter
1266 2991 1524 3086 perseverastis,
1544 3015 1663 3088 preces
1680 3009 1715 3070 et

303 3120 573 3216 supplicationes
594 3127 727 3192 vestras
744 3139 833 3212 quas
853 3138 930 3208 vos,
953 3117 1048 3190 cives
1067 3117 1241 3207 lllessane,
1263 3115 1383 3189 fideles
1399 3119 1527 3210 nostri,
1545 3121 1713 3212 majestati

305 3256 421 3318 nostre
434 3245 598 3318 attentius
616 3245 835 3340 porrexistis,
861 3244 1021 3317 videlicet
1038 3251 1076 3314 ut
1092 3241 1392 3338 perprivileginm
1409 3251 1564 3316 nostrum
1582 3247 1714 3320 condr-

305 3390 480 3442 maremus
507 3371 607 3444 vobis
630 3379 664 3444 et
691 3370 821 3442 civitati
850 3379 963 3442 vestre
993 3369 1149 3441 llessane
1172 3389 1213 3440 ea
1239 3368 1447 3461 omniaque
1472 3371 1713 3446 serenissimus

305 3493 483 3590 quondam
500 3496 663 3569 dominns
683 3505 798 3568 noster
822 3496 1006 3590 imperator
1026 3492 1209 3566 recolende
1233 3492 1397 3565 memorie
1416 3514 1594 3588 persuum
1613 3498 1714 3571 vobis

306 3631 342 3692 et
362 3618 517 3714 predicte
540 3619 671 3693 civitati
692 3620 851 3692 Messana
874 3617 1060 3704 concessit,
1087 3617 1132 3691 de
1155 3618 1274 3690 innata
1298 3617 1375 3689 solii
1399 3619 1506 3690 nostri
1534 3621 1714 3696 clementia

305 3741 538 3834 admittentes,
560 3743 783 3816 concedimus
797 3753 832 3815 et
846 3741 1089 3816 confirmamus
1103 3741 1205 3815 vobis
1224 3751 1259 3814 et
1280 3741 1435 3837 predicte
1454 3744 1585 3816 civitati
1603 3756 1716 3821 vestra

304 3865 462 3940 Messene
475 3865 591 3938 omnia
608 3888 649 3939 ee
663 3888 733 3962 quc
746 3877 946 3962 prenotatns
962 3867 1203 3940 serenissimus
1220 3867 1382 3941 dominns
1400 3877 1516 3944 noster
1533 3871 1717 3966 imperator

305 3990 406 4063 vobis
426 4001 461 4062 et
478 3989 608 4064 civitati
624 3999 738 4064 vestre
753 3993 910 4066 Messene
928 3991 1108 4080 concessit,
1123 3993 1225 4085 juxta
1242 3991 1338 4086 qnod
1359 3991 1395 4063 in
1410 3992 1532 4066 eodem
1550 3996 1718 4089 imperiali

305 4115 489 4210 privilegio
502 4115 604 4189 vobis
619 4117 710 4190 racto
724 4115 778 4213 (4)
791 4115 1001 4208 continetnr;
1017 4116 1221 4189 mandantes
1234 4125 1274 4188 ut
1289 4117 1406 4190 omnia
1417 4137 1471 4206 ea,
1486 4118 1577 4191 sicut
1591 4119 1627 4190 in
1641 4121 1719 4214 pri-

345 4385 381 4460 (4)
399 4385 505 4444 Adsunt
514 4387 541 4444 in
551 4386 619 4446 libro
628 4389 826 4464 privilegiorum
841 4392 981 4448 Messanae
992 4390 1046 4447 dno
1059 4390 1167 4447 llenrici
1181 4391 1249 4447 serti
1261 4391 1408 4465 privilegia,
1416 4390 1492 4464 prius
1502 4393 1538 4448 28
1550 4390 1640 4448 octob.
1652 4393 1722 4448 rrst

307 4482 336 4539 in
348 4499 402 4556 quo
415 4485 525 4544 nomine
535 4487 670 4560 ldergariti
682 4487 716 4545 de
727 4487 877 4546 Brundusio
892 4494 921 4546 ct
933 4493 1097 4547 caeterorum
1107 4489 1314 4562 proscriptorum
1327 4487 1538 4546 messanensium
1551 4487 1720 4557 inseruntnr;

307 4579 421 4638 alterum
435 4583 469 4640 de
483 4599 555 4643 anno
569 4589 651 4660 4497,
667 4586 727 4646 loco
751 4594 780 4646 et
800 4603 893 4647 meuse
915 4603 970 4646 non
992 4588 1138 4663 expressis.
1158 4587 1255 4645 Utrum
1273 4586 1428 4645 Constantia
1448 4585 1647 4645 confirmaverit
1669 4605 1722 4646 non

308 4683 412 4735 certum
426 4678 566 4740 habemus.
