4382 5946
505 457 566 519 338
1007 465 1222 526 tuluaulcl
1247 467 1423 530 sucuuut
1728 468 1808 544 [Arra.
1828 470 1913 532 lale.

589 594 683 666 (Edld.
708 597 811 658 Bouen
829 616 868 658 na
888 599 1162 678 Suara-Maurus,
1176 601 1300 660 Histoire
1322 600 1357 660 do
1380 605 1409 664 S.
1432 601 1512 664 Porti
1535 601 1801 678 Trois-Clodtrouc,
1821 621 1851 680 p.
1865 616 1916 669 tt.

627 704 780 778 Avlgnon,
798 705 951 784 atto-4⁰.)

556 863 594 932 ln
628 863 766 936 nomine
790 876 906 938 sancte
937 875 971 938 et
997 865 1180 940 individue
1205 868 1389 941 Trinitatis.
1412 869 1604 943 Fridericus
1625 871 1653 940 ll
1677 869 1796 940 divina
1823 867 1916 940 ordi·

507 993 611 1056 nanta
628 987 807 1060 clementia
822 991 1053 1062 llumanomm
1066 1013 1129 1062 rex
1143 1001 1177 1063 et
1194 1014 1330 1087 semper
1341 1004 1511 1087 augustus
1528 1003 1562 1066 et
1576 1014 1639 1064 rex
1655 993 1781 1064 Sicilie.
1791 993 1916 1064 Notum

507 1107 552 1178 sit
569 1108 729 1181 omnibus
747 1110 909 1184 fidelibus
934 1114 1057 1186 nostris
1080 1127 1147 1184 tam
1170 1116 1386 1208 presentibus
1408 1139 1513 1208 quam
1532 1117 1655 1187 lutaris
1672 1117 1836 1209 quoniam
1854 1137 1918 1210 pro

507 1233 639 1304 mortali
656 1235 725 1306 vita
746 1237 975 1330 temporaliter
992 1237 1167 1331 exigenda
1193 1247 1228 1310 et
1253 1240 1368 1311 latura
1390 1239 1531 1312 feliciter
1548 1239 1737 1312 obtinenda
1759 1239 1916 1312 decerem

506 1357 631 1429 domus
660 1360 722 1430 Ilei
754 1361 931 1452 diligimus
960 1371 995 1433 el
1021 1361 1067 1434 ed
1099 1363 1298 1458 exemplum
1324 1363 1414 1435 bone
1445 1364 1609 1436 memorie
1637 1363 1916 1458 predecessorum

506 1491 698 1554 nostrorum
716 1481 807 1556 illam
828 1475 1009 1578 ampliare,
1030 1486 1216 1558 sublimare
1235 1495 1270 1558 et
1285 1485 1487 1560 confirmare
1503 1488 1631 1582 Spiritu
1648 1490 1771 1560 Sancto
1789 1507 1916 1582 coope-

507 1617 603 1678 rante
623 1607 856 1700 proponimus.
870 1609 1083 1704 Quapropter
1100 1611 1381 1684 Tricastineusem
1398 1611 1592 1702 ecclesiam,
1602 1611 1804 1682 liberalitate
1820 1631 1918 1682 sere-

509 1729 726 1802 nissimorum
748 1741 972 1824 augustorum
995 1732 1153 1805 nobiliter
1177 1733 1317 1804 ditatam
1342 1741 1376 1806 et
1397 1733 1633 1828 imperialibus
1654 1733 1776 1804 edictis
1793 1732 1918 1804 confir-

508 1865 653 1946 matam,
677 1876 738 1926 nos
763 1877 903 1950 quoque
931 1857 1036 1950 regali
1071 1857 1325 1948 munificentia,
1354 1869 1561 1952 suggerente
1592 1856 1748 1949 ejusdem
1775 1859 1920 1930 ecclesie

508 1979 670 2054 Gausrido
697 1982 885 2052 venerabili
913 1983 1088 2078 episeopo,
1110 1985 1277 2056 bonorare
1299 1992 1334 2056 et
1356 1985 1517 2056 omnibus
1542 1983 1655 2056 modis
1676 1984 1831 2055 exaltare
1856 1983 1918 2055 de·

507 2105 691 2177 crevimus.
714 2106 901 2178 statuimus
924 2107 1030 2200 igitur
1053 2117 1091 2178 ut
1110 2106 1283 2202 quidquid
1303 2109 1509 2180 venerabilis
1525 2117 1559 2180 et
1576 2107 1779 2179 inconcussa
1798 2107 1920 2201 piissi-

507 2251 642 2302 morum
657 2239 896 2322 augustorum,
914 2231 1043 2304 scilicet
1060 2232 1149 2304 bona
1167 2231 1332 2304 memorie
1349 2231 1460 2304 Caroli
1478 2241 1583 2326 alque
1597 2232 1755 2324 lodoici,
1769 2231 1918 2302 Lotbarii

507 2363 611 2446 atque
628 2353 790 2426 Friderici
804 2357 862 2426 avi
877 2356 982 2428 nostri
1002 2365 1261 2450 ceterorumque
1280 2355 1559 2450 predecessorum
1579 2365 1773 2428 nostrorum
1788 2353 1919 2426 autbo-

506 2475 588 2548 ritas
603 2478 747 2550 ecclesie
760 2478 999 2550 Tricastinenai
1018 2479 1053 2550 in
1073 2480 1236 2552 bonorem
1256 2487 1373 2552 sancte
1393 2479 1499 2552 Maris
1520 2489 1556 2552 et
1577 2479 1687 2551 sancb
1712 2478 1806 2550 Pauli
1830 2497 1919 2548 eou-

505 2609 633 2672 structe
652 2599 832 2674 donaverit
849 2612 884 2674 et
901 2601 1125 2689 concesserit,
1145 2613 1256 2675 ratum
1276 2611 1391 2676 nostra
1407 2602 1612 2675 authoritate
1630 2611 1665 2674 et
1685 2599 1920 2672 munificentie

506 2733 621 2796 nostre
648 2733 809 2820 precepto
830 2725 1072 2798 inconcussum
1098 2735 1235 2798 maneat
1258 2727 1293 2798 iu
1324 2735 1545 2820 perpetuum.
1559 2725 1802 2796 Verumtamen
1829 2743 1920 2816 quo-

506 2847 598 2918 niam
621 2856 715 2920 tante
732 2847 782 2920 rei
796 2847 937 2920 firmitas
955 2849 1124 2944 imperiali
1143 2849 1347 2922 authoritate
1365 2849 1465 2920 inniti
1482 2847 1670 2936 desiderat,
1689 2847 1863 2919 sancimus
1885 2853 1920 2917 et

507 2971 729 3044 concedimus
755 2973 868 3046 eidem
888 2982 1006 3046 sancte
1025 2975 1087 3046 Dei
1111 2975 1255 3048 ecclesie
1278 2975 1496 3069 stipulatione
1517 2973 1679 3068 equidem
1702 2981 1816 3044 nosua
1833 2971 1917 3040 sub-

509 3095 609 3185 nixe,
626 3097 790 3170 Gaulrido
807 3097 964 3190 ejusdem
980 3099 1123 3171 ecclesie
1138 3099 1297 3194 episeopo
1316 3107 1350 3170 et
1366 3097 1620 3170 successoribus
1635 3098 1711 3188 ejus
1725 3093 1918 3168 dominium

507 3219 663 3313 predicta
681 3221 812 3293 scilicet
830 3221 980 3294 civitatis
1003 3245 1082 3293 cum
1110 3223 1272 3294 omnibus
1292 3221 1486 3294 redditibus
1505 3231 1576 3294 eta
1595 3218 1760 3292 llbodano
1776 3217 1921 3288 flumine

508 3366 619 3438 usque
646 3345 692 3417 ad
717 3345 848 3438 Egrum
874 3345 1020 3418 lluvium
1041 3345 1215 3440 quidquid
1235 3347 1453 3440 cognoscitur
1469 3343 1564 3436 regie
1579 3363 1723 3416 censure
1738 3363 1814 3413 esse
1831 3342 1917 3412 aub-

501 3469 645 3560 jeetum.
661 3469 873 3564 Precipimus
897 3469 1002 3542 etlam
1031 3484 1134 3564 alque
1156 3469 1321 3562 jubemus
1349 3479 1387 3540 ut
1409 3468 1525 3540 nullus
1543 3465 1658 3559 judex
1680 3465 1839 3560 publicus
1861 3464 1918 3535 vel

505 3591 651 3685 quilibet
667 3613 713 3664 ex
729 3593 914 3683 judiciaria
928 3603 1094 3689 potestate
1108 3603 1169 3665 aut
1187 3595 1278 3664 ullus
1290 3615 1337 3664 ex
1354 3591 1514 3664 fidelibus
1527 3591 1651 3664 nostris
1669 3599 1737 3661 mm
1752 3589 1919 3684 presenti·

506 3716 573 3788 bus
590 3739 694 3810 quam
712 3717 836 3788 tuturis
851 3719 886 3788 in
904 3719 1067 3790 ecelesias
1079 3728 1140 3790 aut
1158 3719 1231 3790 loca
1246 3728 1280 3788 et
1296 3738 1398 3810 egros
1416 3737 1478 3788 seu
1500 3715 1650 3808 reliquas
1662 3713 1916 3808 possessiones,

506 3863 594 3934 qaas
619 3839 785 3913 moderno
813 3851 965 3936 tempore
993 3841 1261 3934 inquibuslibet
1287 3841 1411 3913 nostris
1439 3839 1615 3912 territoriis
1636 3839 1726 3909 inira
1755 3837 1917 3908 didonem

507 3965 642 4061 imperii
663 3964 770 4036 nostri
785 3965 879 4056 juste
895 3974 929 4036 et
948 3965 1100 4057 legaliter
1118 3975 1305 4038 memorata
1331 3973 1423 4036 tenet
1444 3963 1497 4036 vel
1518 3961 1670 4058 possidet
1683 3961 1845 4050 ecelesia,
1863 3960 1916 4031 vel

506 4111 548 4162 ea
569 4110 638 4182 que
656 4087 820 4183 deinceps
839 4087 873 4158 in
889 4089 968 4181 jure
985 4087 1095 4183 ipsius
1114 4089 1257 4160 ecclesie
1277 4089 1424 4160 voluerit
1444 4085 1565 4158 divina
1583 4085 1692 4182 pietas
1714 4084 1850 4178 augeri,
1871 4083 1918 4154 ad

507 4235 629 4286 causas
646 4211 840 4285 audiendas
855 4213 911 4285 vel
929 4213 1033 4285 leuda
1048 4221 1109 4284 aul
1127 4213 1253 4284 tributa
1271 4209 1443 4306 exigenda
1458 4219 1520 4281 aut
1536 4209 1730 4282 mansiones
1744 4207 1801 4280 vel
1817 4227 1918 4301 para·

509 4347 560 4410 tas
586 4335 762 4408 iaciendas
785 4347 845 4408 aut
873 4335 1094 4428 fidejussores
1114 4335 1280 4407 tollendos
1300 4343 1360 4408 aut
1384 4333 1540 4406 homines
1562 4331 1672 4429 ipsius
1688 4329 1832 4404 ecclesie
1850 4340 1918 4402 tam

509 4461 678 4554 ingenuos
695 4482 799 4554 quam
824 4481 942 4534 servos
964 4470 1210 4555 superterram
1234 4459 1344 4554 ipsius
1366 4466 1620 4530 commanentes
1638 4453 1916 4548 distinguendos,

509 4591 570 4654 aut
587 4583 673 4656 ullas
695 4583 941 4658 reddibitiones
957 4593 1017 4656 aut
1034 4583 1170 4656 illicitas
1187 4581 1383 4654 occasiones
1404 4581 1629 4676 requirendas
1648 4578 1770 4652 nostris
1786 4597 1849 4648 nec
1865 4577 1919 4645 lu-
