4334 5980
552 565 613 626 248
1050 565 1263 628 turbanter
1287 567 1462 630 securint
1775 573 1854 657 [aar.
1873 575 1957 638 1213.

554 702 705 793 tenholz,
730 701 967 776 molendinum
991 701 1087 798 apud
1111 704 1267 795 Brunne,
1289 703 1362 780 dno
1383 703 1585 778 molendina
1600 705 1697 802 apud
1721 709 1843 802 laben,
1866 713 1962 786 Em'n-

556 829 662 920 berc,
686 829 856 919 Bercstet,
881 827 1109 921 llonthahen,
1136 830 1342 904 Helmbuhel
1370 853 1450 902 cum
1476 831 1686 927 appenditiis
1713 835 1805 926 suis,
1830 837 1958 928 Harde,

554 953 737 1042 Chcmnat,
759 952 939 1044 Hunbsrc,
965 953 1047 1026 lliut
1066 955 1247 1050 pascuale,
1268 955 1496 1044 Stctanbovc,
1516 955 1757 1050 Suorchusen,
1776 957 1957 1048 Girbnseu,

554 1077 710 1169 Kacrrin,
727 1077 984 1170 Tremclbosen,
1000 1078 1274 1170 Warmansdori,
1287 1077 1360 1152 dne
1370 1079 1473 1153 vinee
1485 1079 1531 1153 ad
1546 1080 1669 1176 pedem
1683 1083 1797 1178 pontis
1809 1085 1959 1180 llatispo-

553 1201 683 1292 nensis,
703 1201 847 1292 Mansio,
868 1200 1051 1297 Lymdori,
1070 1201 1256 1291 fluerunt,
1276 1203 1509 1295 llunecbriut,
1528 1203 1725 1297 Cbanslcin,
1748 1207 1956 1298 Buelnbove,

550 1325 821 1419 Cholbesingcn,
841 1325 1024 1415 Sobiltcrn,
1046 1327 1270 1423 Kraplsnbol,
1291 1327 1476 1420 Sneitbart,
1497 1329 1782 1418 Truebenhovcn‚
1797 1331 1955 1419 Bondorl,

551 1452 673 1524 Stoclm
692 1452 782 1540 Alta,
801 1473 872 1523 uua
888 1451 984 1524 curia
1005 1451 1101 1548 apud
1116 1453 1261 1541 Praeter,
1279 1451 1530 1545 Hagsnbuoch,
1546 1451 1692 1548 Cbager,
1711 1455 1955 1548 llcriacboven,

550 1575 807 1670 sumetingen,
828 1573 1046 1668 Cholubaob,
1067 1575 1260 1668 Hochdorl,
1276 1575 1503 1668 Eicbebeide,
1525 1577 1646 1673 Scbyr,
1666 1579 1871 1672 Friesbeim,
1891 1581 1959 1655 dne

551 1701 655 1773 vinee
672 1702 774 1792 juxta
800 1698 1104 1790 Cbruochenbcrc,
1126 1700 1247 1772 Winze
1266 1721 1346 1772 cum
1369 1701 1569 1774 molendino
1587 1712 1623 1774 ct
1648 1701 1719 1774 dne
1740 1703 1843 1776 vinee
1865 1703 1957 1800 apud

550 1825 695 1922 lbspurc
709 1832 745 1897 ct
763 1845 843 1896 area
861 1845 932 1896 una
950 1823 1045 1920 apud
1065 1825 1306 1918 Pcrscnbeuge
1330 1836 1366 1898 et
1387 1825 1477 1898 duos
1498 1847 1642 1898 mansus
1661 1826 1699 1898 in
1723 1829 1809 1900 Sane
1834 1838 1870 1901 et
1894 1851 1958 1902 sex

549 1971 690 2022 mansus
710 1948 808 2044 apud
829 1947 1050 2043 Shottingan,
1071 1949 1243 2022 Sneithart
1260 1948 1488 2023 occidentale.
1508 1949 1667 2022 Protsrea
1687 1950 1905 2024 decernimus
1920 1964 1959 2024 ut

550 2074 636 2147 nulli
650 2073 753 2147 liceat
769 2071 987 2146 advocatiam
1005 2095 1125 2146 eorum
1138 2075 1340 2166 concedere,
1356 2074 1484 2148 babere
1501 2085 1564 2147 ant
1575 2075 1661 2148 dare
1680 2076 1745 2148 uisi
1765 2097 1828 2172 per
1845 2098 1907 2149 uos
1924 2089 1958 2150 et

549 2207 684 2272 nostros
712 2217 929 2270 successores
954 2219 1055 2292 reges
1079 2199 1137 2272 vel
1163 2199 1389 2294 imperatores
1416 2208 1453 2272 et
1478 2221 1559 2272 cnm
1589 2201 1800 2273 conscientia
1825 2201 1957 2274 abbatis

547 2325 739 2411 Scotorum,
759 2343 894 2394 necnon
912 2331 947 2395 et
963 2331 1121 2395 vetamus
1142 2332 1178 2395 et
1199 2322 1300 2416 sigilli
1319 2323 1426 2396 nostri
1447 2323 1672 2418 impressione
1689 2323 1897 2420 precipimus
1913 2345 1957 2396 ne

547 2448 650 2522 alicui
671 2469 789 2520 eorum
811 2447 982 2522 advocato
999 2449 1099 2520 liceat
1121 2449 1213 2522 bona
1233 2469 1351 2520 eorum
1372 2448 1575 2544 usurpando
1598 2459 1660 2520 aut
1676 2469 1791 2522 emere
1809 2459 1870 2520 ant
1895 2469 1956 2522 re-

548 2571 711 2646 novando
725 2571 868 2662 addere,
889 2571 953 2645 sed
973 2571 1055 2645 solis
1072 2573 1182 2646 Sentis
1199 2571 1438 2646 tantummodo
1452 2571 1498 2646 de
1512 2571 1613 2646 bonis
1629 2573 1704 2646 suis
1721 2583 1822 2668 prout
1834 2573 1956 2646 melios

547 2697 602 2770 vcl
621 2697 739 2769 utilius
761 2697 911 2792 poterint
928 2696 1112 2792 disponere
1129 2699 1249 2790 licent,
1273 2697 1363 2770 sicut
1383 2696 1550 2770 hactenns
1572 2697 1783 2793 temporibus
1802 2707 1954 2771 anteum-

547 2843 663 2894 sorum
688 2831 882 2895 nostrorum
906 2823 1058 2896 noscitur
1079 2825 1314 2898 observatum.
1335 2823 1505 2896 Advocati
1527 2843 1610 2896 vero
1626 2823 1756 2918 quibus
1775 2823 1955 2896 oommima

547 2948 650 3019 luerit
667 2969 688 3020 a
706 2946 806 3019 nobis
822 2946 1004 3020 advocatia
1020 2949 1112 3020 vela
1127 2947 1251 3020 nostris
1270 2947 1528 3020 sncceoeoribns
1541 2947 1682 3042 regibus
1694 2947 1751 3021 vel
1772 2947 1953 3043 imperato·

548 3071 645 3143 ribos
659 3079 694 3142 et
709 3070 776 3143 boc
790 3081 913 3164 rogatu
930 3075 1126 3163 Scotorum,
1145 3071 1304 3144 obmissis
1319 3071 1482 3144 omnibns
1495 3071 1774 3164 collectionibus,
1793 3095 1815 3144 a
1831 3071 1954 3144 villicis

547 3195 595 3268 nil
620 3195 788 3268 violenter
814 3195 986 3290 accipiant
1009 3195 1076 3267 nisi
1099 3195 1292 3268 secundnm
1316 3197 1426 3268 solam
1449 3181 1577 3270 veter'r's
1590 3195 1722 3290 justitie
1742 3216 1949 3270 mensuram.

546 3320 582 3394 Si
599 3319 679 3416 quis
696 3331 812 3394 antem
830 3319 921 3394 banc
935 3320 1125 3394 libertatem
1137 3320 1188 3393 eis
1205 3319 1393 3416 intringere
1406 3321 1665 3416 presumpsoeit,
1684 3320 1812 3395 CCCtas
1823 3342 1952 3394 marcas

544 3445 619 3516 anri
638 3444 909 3540 compositurus,
936 3443 1051 3516 banno
1080 3453 1196 3516 nostro
1221 3443 1415 3536 subiacebit
1436 3445 1655 3520 medietatem
1677 3466 1814 3520 tamem
1840 3454 1953 3520 nostre

543 3577 579 3640 et
595 3567 813 3642 medietatem
837 3568 1034 3664 supradicta
1051 3568 1209 3642 enclesis.
1229 3569 1274 3642 Ut
1290 3577 1407 3642 subm
1425 3568 1492 3642 bec
1505 3578 1622 3642 nostra
1638 3569 1813 3643 conoessio
1830 3577 1902 3644 rata
1917 3578 1954 3643 et

543 3693 745 3766 intemerata
773 3694 810 3764 in
835 3702 1040 3788 perpetuum
1064 3702 1281 3788 permaneat,
1309 3701 1503 3789 presentem
1526 3695 1688 3790 paginam
1704 3693 1808 3766 scn'bi
1824 3703 1860 3767 ct
1875 3715 1951 3766 eam

543 3816 731 3908 majestatis
746 3825 862 3889 nostre
879 3815 993 3910 sigillo
1013 3817 1231 3913 precepimus
1248 3817 1464 3891 communiri.

590 3941 702 4032 Hujus
718 3941 767 4013 rei
785 3950 889 4012 testes
905 3950 988 4012 sunt
1005 3940 1152 4015 Siiridus
1170 3941 1395 4037 Magantinus
1416 3941 1709 4036 archiepiscopus,
1729 3941 1808 4014 Otto
1825 3939 1953 4014 Frisiu-

541 4066 658 4160 gensis
682 4065 881 4160 episeopus,
901 4064 1104 4138 Cuonrados
1127 4065 1383 4162 Ratisponeusis
1403 4066 1605 4162 episcopus,
1627 4065 1823 4140 Hertwicns
1838 4065 1953 4137 Eiste-

539 4189 850 4285 teusisepisoopus,
863 4189 1070 4284 blangoldus
1081 4190 1295 4264 Pataviensis
1310 4189 1507 4286 opiscopus,
1523 4188 1718 4262 Fridcricus
1731 4189 1951 4262 Tridentinus

539 4315 741 4410 episcopus,
778 4313 948 4386 Odacrius
977 4336 1041 4387 rex
1075 4313 1230 4406 Boemis,
1264 4315 1485 4386 dermannus
1516 4313 1731 4409 lantgravius
1761 4313 1947 4406 Duringie,

539 4439 747 4512 Ludevvicus
764 4438 840 4512 dux
856 4439 1031 4532 bawarie,
1048 4439 1225 4536 Lupoldus
1241 4437 1317 4512 dux
1334 4439 1485 4528 Austrie,
1504 4439 1686 4512 Heinricus
1705 4437 1859 4511 marchio
1876 4439 1950 4510 llo-

539 4563 652 4655 ravie,
673 4585 788 4638 comcs
802 4563 965 4638 Albertus
986 4563 1031 4638 dc
1047 4564 1239 4656 Eberstcin,
1258 4563 1439 4638 Heinricus
1457 4563 1677 4658 marscalcus,
1698 4571 1733 4638 ct
1749 4563 1808 4636 alii
1823 4584 1950 4658 quam-

536 4689 665 4784 plores.
