4378 5954
563 573 621 636 104
1065 566 1280 627 uatuuulct
1308 566 1482 628 sucurtut
1785 568 1866 648 [llrtu.
1886 567 1970 630 1203

561 708 721 799 obedire,
741 705 777 778 in
798 725 863 778 uos
881 701 1246 776 excommunicationis
1266 703 1473 776 sententiam
1495 703 1744 798 promulgavit3
1765 703 1830 778 sed
1853 727 1917 778 vos
1936 706 1972 777 in

561 833 692 906 malitia
710 840 825 904 vestra
844 828 1087 902 damnabiliter
1103 827 1279 919 obstinati,
1291 827 1437 924 pastoris
1454 829 1562 900 vestri
1581 849 1762 902 censuram
1777 831 1973 904 nullatanus

562 956 767 1032 formidatis.
787 954 876 1040 Quia
896 953 1001 1048 igitur
1018 962 1111 1025 tanta
1133 953 1265 1026 scelera
1285 973 1351 1025 noc
1374 953 1536 1026 volumus
1559 973 1624 1026 nac
1642 953 1811 1026 debemus
1829 955 1974 1027 ulterius

563 1083 748 1171 sustinere,
766 1103 828 1177 par
845 1079 1032 1174 apostolica
1049 1078 1151 1150 vobis
1169 1078 1295 1172 scripta
1311 1077 1518 1150 mandamus
1541 1087 1576 1150 ct
1595 1077 1749 1151 districte
1763 1080 1975 1175 precipimus

562 1217 735 1304 quatenns
761 1204 917 1302 predicta
938 1211 1048 1277 rastra
1071 1203 1200 1298 pariter
1220 1211 1256 1275 ot
1282 1202 1482 1274 thesaurum
1506 1201 1673 1294 jamdicto
1690 1202 1971 1298 archiepiscopo,

561 1333 656 1405 omni
675 1329 854 1404 occasione
873 1337 909 1400 et
925 1327 1149 1400 excusatione
1170 1347 1212 1400 ac
1230 1325 1394 1398 dilatione
1415 1325 1643 1416 cessantibus,
1662 1326 1857 1418 resignatis,
1872 1326 1975 1420 cique

563 1457 609 1530 de
635 1455 808 1529 univorsis
837 1452 1042 1526 excessibus
1072 1451 1269 1524 memoratis
1289 1449 1555 1542 satisfactionem
1587 1471 1774 1546 congruam
1807 1451 1975 1524 studeatis

562 1580 740 1653 humiliter
761 1578 948 1666 exhibere,
974 1576 1041 1672 ipsi
1064 1585 1227 1670 tanquam
1253 1575 1340 1672 patri
1365 1585 1401 1648 et
1424 1575 1550 1670 pastori
1572 1585 1687 1648 vestro
1709 1575 1862 1648 debitam
1885 1577 1974 1648 obe-

563 1705 728 1778 dientiam
754 1713 789 1775 at
812 1701 1036 1776 reverentiam
1059 1700 1270 1774 exhibendo.
1297 1699 1399 1785 Quod
1425 1700 1456 1772 si
1482 1700 1518 1770 in
1542 1699 1769 1772 obstinatione
1791 1709 1826 1772 et
1852 1710 1974 1772 contn-

564 1829 675 1902 macia
692 1838 808 1900 vestra
822 1825 993 1900 duxeritis
1010 1825 1280 1920 persistendum,
1303 1824 1506 1896 sententiam
1522 1846 1628 1918 quam
1642 1825 1717 1919 ipse
1735 1823 1771 1896 in
1790 1845 1854 1896 vos
1868 1845 1975 1896 cane

565 1955 644 2026 nice
662 1951 912 2048 promulgavit,
932 1971 995 2022 nos
1015 1962 1124 2022 ratem
1146 1958 1181 2022 et
1196 1949 1329 2022 firmam
1347 1949 1533 2038 babentes,
1555 1969 1631 2020 eam
1653 1949 1820 2021 iaciemus
1837 1957 1975 2020 auctore

566 2078 712 2150 Domino
738 2075 979 2149 inviolabiliter
1004 2075 1199 2164 observari,
1228 2085 1264 2146 et
1284 2073 1425 2168 potestis
1447 2075 1588 2166 insuper
1606 2073 1792 2146 formidare
1815 2093 1859 2144 ne
1877 2071 1976 2143 vobis

567 2213 680 2277 vestra
698 2212 915 2299 promerente
933 2201 1061 2274 malitia
1075 2223 1216 2295 prorsus
1233 2199 1398 2288 exclusis,
1416 2197 1509 2270 idem
1525 2198 1806 2294 archiepiscopus
1819 2196 1976 2270 auctori-

567 2338 636 2402 tate
654 2329 752 2401 Sedis
765 2327 959 2422 Apostolice
978 2326 1034 2396 vel
1056 2325 1232 2418 regulares
1249 2324 1432 2396 canonicos
1454 2323 1490 2396 in
1510 2323 1586 2419 ipsa
1603 2323 1749 2397 ecclesia
1763 2324 1820 2396 vel
1835 2322 1977 2396 clericos

566 2454 721 2526 instituat
736 2455 918 2526 seculares.

613 2580 738 2651 Datum
757 2577 947 2669 Ferentini,
968 2576 1029 2648 XV
1048 2573 1214 2648 kalendas
1227 2573 1317 2666 julii,
1341 2593 1433 2646 anno
1448 2581 1561 2646 sexto.

1596 2879 1723 2892 -ιι--υ

427 3205 461 3236 „,
477 3205 502 3235 ,,
620 3135 767 3240 [Comes
783 3127 1012 3214 brennensis
1038 3133 1075 3208 et
1101 3123 1262 3207 lacobus
1293 3119 1557 3226 marescalcus]
1589 3119 1813 3201 invenerunt
1838 3139 1975 3226 papam

568 3269 671 3378 apud
689 3264 903 3376 Anagniam
922 3271 1001 3344 tam
1024 3258 1189 3370 graviter
1214 3265 1472 3366 aegrotantem
1491 3253 1596 3364 quod
1614 3278 1637 3334 a
1655 3251 1787 3333 multis
1804 3259 1978 3332 mortuus

566 3403 775 3489 dicebatur.
798 3400 971 3508 Cumque
988 3396 1037 3478 de
1054 3401 1176 3476 morte
1193 3391 1313 3501 ipsius
1331 3389 1435 3472 lama
1451 3385 1630 3490 volasset,
1651 3385 1795 3468 multae
1813 3385 1978 3466 civitates

567 3536 735 3647 praefato
767 3531 895 3616 comiti
930 3527 1183 3632 rebellarunt,
1212 3523 1402 3635 quaedam
1434 3519 1662 3630 expellentes
1693 3517 1832 3600 milites
1868 3541 1976 3623 suos,

569 3671 666 3753 aliae
684 3667 932 3770 trucidanteS,
951 3661 1191 3772 perdiditque
1213 3669 1305 3740 tunc
1326 3657 1528 3759 Matcram,
1545 3651 1806 3734 Brundusium
1833 3659 1871 3731 et
1892 3647 1977 3760 uy-

568 3806 767 3888 druntum.
788 3799 1091 3883 barolitanenses
1118 3803 1286 3875 castrum
1308 3789 1435 3872 baroli
1462 3787 1694 3871 obsederunt
1719 3795 1755 3868 et
1777 3791 1979 3894 coegerunt

569 3936 820 4022 castellanum
847 3957 962 4043 quem
985 3929 1038 4012 ibi
1065 3927 1261 4010 dimiserat
1281 3921 1558 4026 marescalcus,
1579 3918 1652 4000 sibi
1673 3918 1867 4028 resignare
1892 3939 1980 3996 oas-

568 4071 703 4153 tellum
722 4068 797 4179 (1).
820 4075 915 4149 Gest.
935 4071 1061 4145 innoc.
1083 4067 1157 4166 lll,
1173 4085 1257 4168 cap.
1275 4055 1454 4140 XXXVII.

607 4364 643 4438 tt)
662 4363 702 4422 ci.
718 4363 822 4418 litteras
838 4374 924 4432 papae
938 4357 1011 4430 (libri
1030 4355 1080 4425 Vl,
1097 4355 1134 4411 nl·
1148 4357 1195 4409 tar
1213 4358 1241 4409 st
1261 4349 1324 4419 Μ)
1342 4344 1551 4419 archiepiscopis
1568 4341 1736 4401 Brundusino
1751 4347 1780 4397 et
1798 4338 1977 4414 ilydruntino,

568 4463 696 4537 episcopo
707 4457 890 4533 Gallipolitano
903 4463 931 4513 et
944 4455 1077 4512 universis
1090 4460 1146 4508 tam
1161 4449 1265 4506 clericis
1279 4462 1358 4520 quam
1373 4445 1448 4501 laicis
1461 4445 1488 4500 in
1502 4441 1596 4516 Apulia
1608 4441 1720 4513 scriptas
1734 4439 1768 4495 de
1781 4438 1832 4494 ista
1843 4436 1978 4506 seditione,

569 4562 639 4619 circa
658 4559 737 4615 linem
757 4556 921 4626 decembris,
939 4561 967 4611 at
980 4554 1044 4610 alias
1060 4550 1134 4624 (libri
1148 4549 1211 4620 Vll,
1231 4547 1268 4602 nl·
1284 4546 1335 4600 tat
1355 4550 1383 4600 et
1398 4541 1471 4614 lib),
1486 4539 1541 4597 dat.
1557 4538 1695 4608 Laterani,
1714 4541 1742 4593 l⁰
1754 4535 1885 4610 septemb.
1899 4537 1978 4593 aaut.

569 4660 666 4717 Fuerat
679 4658 750 4715 enim
763 4656 942 4713 marescalcus
955 4653 1084 4710 comitatu
1097 4649 1214 4706 Andriae
1228 4645 1334 4719 abipso
1347 4657 1418 4718 papa
1429 4639 1580 4698 investitus.
