4334 5980
256 573 353 632 lnorcn
372 565 411 650 l.]
706 560 905 624 HISTORIA
929 556 1222 620 DlPLOllllTlcll.

304 708 428 778 narum
448 701 634 797 ratispone
651 697 715 796 (i),
735 700 812 774 xvi
831 681 996 772 nereidas
1012 697 1142 786 marni,
1163 694 1351 768 indictione
1370 693 1399 764 l.
1460 729 1461 732 κ

475 1028 1452 1050 Μα--ι-ο-η--οςηκ--ω--οο-κσ-υ-ιιη--ι-η-υ-ῆ

313 1349 543 1455 inidoneus,
577 1346 837 1430 Romanorum
872 1372 958 1452 rex,
991 1343 1215 1428 coenobium
1255 1340 1598 1450 Berehtesgadense
1629 1339 1668 1420 in
1704 1359 1861 1468 etti...

257 1483 527 1591 protectionem
551 1507 661 1562 snam
688 1479 844 1589 recipit,
871 1479 980 1588 eique
1006 1501 1139 1559 omnes
1162 1476 1418 1586 possessiones
1443 1473 1666 1582 confirmat,
1707 1468 1856 1511 ¹⁵“¹”“⁸¹²¹·

257 1615 498 1726 privilegium
517 1613 636 1726 petris
655 1611 715 1695 sui
732 1611 897 1695 Heinrici
913 1610 963 1692 Vl
980 1609 1219 1720 imperatoris
1237 1610 1277 1691 in
1294 1609 1368 1692 hoc
1383 1608 1566 1690 imitatus.

357 1827 479 1890 Edltnm
491 1829 524 1888 in
537 1827 646 1902 Hunn,
661 1825 785 1906 Melinp.
801 1821 922 1899 Salen,
937 1830 1011 1886 tom.
1025 1825 1069 1898 11,
1085 1833 1228 1888 stetui.
1242 1857 1283 1870 -
1294 1823 1416 1902 Lnniu,
1434 1819 1571 1904 Spiritus.
1586 1817 1672 1882 ecch·

282 2011 284 2014 ¹
378 1935 631 2010 nust.,lll'l‘bell‚
644 1933 873 2013 piu-Koma
885 1949 948 1993 non
958 1929 1298 2014 Srsnnrsm,Salzbur9
1308 1928 1373 1992 und
1381 1927 1616 2010 Bercitespadeu
1625 1931 1670 2004 ΙΙ,

245 2109 248 2115 ,
382 2051 431 2116 ae,
441 2058 526 2104 num.
536 2051 586 2104 at.
597 2041 773 2104 -rsoeaos
786 2040 892 2114 Buca,
904 2045 978 2100 tom
989 2041 1090 2113 xliii,
1105 2056 1137 2117 p.
1154 2049 1230 2118 a-s,
1245 2056 1329 2100 num.
1345 2039 1421 2100 DCI.
1437 2037 1570 2100 liabetur
1583 2039 1672 2098 etiem

378 2151 410 2210 in
421 2151 495 2210 uotis
507 2150 671 2227 specialiter
680 2150 830 2226 impressis
843 2165 881 2208 ex
895 2150 1053 2208 insertione
1064 2151 1097 2206 in
1107 2148 1239 2226 privileg.
1253 2145 1433 2207 Ferdinundi
1445 2146 1486 2220 11,
1501 2162 1572 2204 nnn.
1583 2151 1672 2218 icat,

383 2264 395 2316 1
413 2255 524 2330 octob„
536 2255 588 2316 iol.
605 2265 641 2329 t,
656 2265 785 2331 numo,
803 2255 856 2315 iol.
875 2263 943 2329 iao,
959 2261 989 2314 et
1005 2253 1056 2321 iol.
1074 2261 1142 2316 tta.
1154 2253 1290 2332 Sigillum
1302 2255 1335 2314 ln
1349 2253 1423 2314 duas
1435 2259 1534 2331 partes
1546 2251 1672 2313 bustum

379 2363 525 2440 appendet
537 2378 576 2423 ex
588 2361 647 2423 illis
658 2363 760 2424 unius
772 2365 910 2440 purpurei
917 2405 926 2436 ,
940 2361 1044 2422 nlrldls
1058 2365 1088 2421 st
1100 2361 1161 2421 sibl
1173 2357 1303 2440 coloris.)

309 2549 347 2621 ln
365 2549 505 2622 nomine
527 2557 645 2622 ennete
667 2557 703 2622 et
726 2546 911 2621 individue
927 2547 1110 2623 Trinitatis.
1131 2545 1331 2626 Fridorions
1354 2545 1530 2622 secundm
1553 2545 1674 2620 divina

260 2676 399 2748 favente
429 2674 611 2748 clementia
634 2675 865 2748 Romanorum
889 2695 954 2748 rex
980 2683 1017 2746 et
1037 2694 1173 2767 semper
1195 2681 1364 2766 angustus
1392 2680 1427 2745 et
1450 2692 1516 2744 rex
1543 2671 1672 2746 Sicilie.

261 2800 387 2872 Notum
411 2799 455 2873 sit
474 2798 635 2872 omnibns
660 2808 731 2872 tam
757 2799 975 2894 presentibus
995 2819 1100 2892 quam
1125 2797 1250 2870 suturis
1274 2797 1371 2892 qnod
1397 2819 1460 2871 nos
1482 2795 1530 2870 ud
1557 2797 1674 2871 imita-

261 2923 389 2996 tionem
417 2924 625 2998 serenissimi
650 2923 757 3020 patris
780 2923 887 2997 nostri
913 2922 1063 2998 Heinrici
1089 2922 1206 3007 inclite
1230 2921 1477 2996 recordationis
1498 2921 1674 3017 quondam

261 3047 492 3122 Romanorum
510 3048 725 3142 imperatoris
739 3048 882 3142 augusti
901 3057 936 3120 et
950 3049 1042 3140 regis
1057 3047 1173 3123 Sicilie
1188 3044 1260 3144 (2),
1274 3067 1338 3142 pro
1353 3046 1463 3120 sunto
1480 3067 1620 3141 quoqne
1633 3067 1675 3118 nc

262 3167 417 3242 remedio
434 3169 549 3244 anime
565 3169 676 3265 ipsius
697 3178 733 3242 et
749 3179 885 3256 nostre,
907 3169 1089 3242 cenobium
1110 3167 1478 3262 Berbtersgademense
1499 3190 1579 3242 cum
1600 3189 1674 3244 om·

263 3292 368 3366 nibus
383 3294 540 3390 personis
555 3293 687 3368 ibidem
700 3295 773 3368 Deo
791 3293 1039 3367 famulantibus
1051 3301 1086 3366 et
1098 3292 1271 3366 universis
1288 3293 1445 3386 ejusdem
1459 3292 1527 3371 loci
1543 3313 1676 3389 uppen-

264 3417 364 3492 diciis
381 3429 417 3492 et
431 3419 706 3516 possessionibus
728 3420 765 3492 in
786 3418 1032 3514 protectionem
1050 3425 1199 3492 nostram
1222 3417 1432 3515 recepimus,
1452 3417 1544 3492 siout
1560 3417 1677 3514 ipsum

262 3552 394 3640 petrem
411 3554 564 3620 nostrum
578 3543 751 3619 imitando
769 3544 918 3638 vestigia
932 3544 1039 3640 patris
1057 3545 1129 3635 sui,
1143 3545 1203 3618 ani
1219 3544 1381 3618 videlicet
1393 3543 1501 3618 nostri
1514 3543 1679 3618 Friderioi

262 3668 439 3763 qnondam
452 3671 685 3744 Romanorum
701 3669 919 3767 imperatoris
932 3671 1086 3766 angusti,
1104 3671 1227 3744 iecisse
1242 3679 1388 3760 constat,
1406 3669 1553 3744 siculos
1566 3669 1681 3766 privi-

263 3791 354 3886 legio
379 3814 444 3866 suo
464 3793 637 3888 colligitur
658 3815 764 3890 snper
788 3795 855 3868 hoc
880 3797 1015 3891 pretate
1033 3795 1176 3870 ecclesie
1199 3817 1373 3870 nonomen.
1397 3795 1521 3873 Omnia
1540 3816 1681 3891 quoque

264 3937 334 4010 que
351 3915 445 3992 idem
465 3918 648 3992 cenobium
667 3919 735 3992 snb
753 3919 923 4015 imperiali
942 3919 1144 3994 defensione
1163 3920 1329 3994 nominati
1346 3919 1453 4017 patris
1472 3919 1578 3996 nostri
1598 3919 1680 3994 bac·
1817 3951 1822 3961 ·

301 4223 339 4298 (t)
359 4245 374 4280 u
386 4225 537 4286 Fudericus
549 4233 722 4287 consecratus
738 4229 811 4305 opud
829 4229 1009 4322 lloguntiam,
1026 4231 1055 4288 in
1072 4231 1258 4290 Punllonb'one
1272 4233 1300 4304 (2
1314 4231 1394 4307 lebr.)
1407 4229 1508 4290 curiam
1520 4230 1680 4306 Ratisponeo

266 4341 279 4376 s
294 4322 449 4384 celebrarit.
459 4344 473 4380 o
482 4327 573 4384 ileu.
588 4327 694 4386 turns.
709 4343 754 4401 sp.
769 4327 922 4399 Bonmn,
938 4329 1037 4386 Fontes
1042 4371 1052 4409 ,
1062 4329 1101 4402 li,
1116 4330 1177 4386 iso.
1193 4349 1207 4384 u
1223 4328 1374 4388 Friderions
1383 4345 1432 4387 rex
1444 4329 1545 4386 curiam
1558 4327 1680 4388 colebro-

266 4439 280 4474 υ
295 4421 336 4479 vit
344 4421 517 4498 itatisponas,
527 4424 555 4482 in
568 4441 622 4499 qun
631 4425 769 4502 principes
777 4423 933 4484 fidelitatem
943 4426 969 4486 ei
978 4431 1007 4484 et
1014 4426 1161 4487 hominium
1170 4427 1336 4502 juraveruut.
1349 4427 1457 4486 »Coun
1470 4427 1619 4487 Smrnsns.
1631 4444 1677 4504 up.

265 4519 320 4577 Ρη
351 4521 375 4578 ll
406 4523 469 4580 ll2.

301 4562 336 4692 (25
355 4563 462 4678 Scilicet
482 4619 651 4695 privilegium
666 4621 694 4678 in
708 4639 780 4682 anno
794 4625 879 4697 issi,
898 4623 1027 4684 vicesimo
1046 4621 1164 4682 secundo
1184 4621 1228 4681 die
1246 4622 1337 4682 martii
1357 4623 1476 4698 editum,
1491 4641 1608 4700 quocum
1627 4625 1679 4686 boc

263 4713 473 4776 instrumentum
485 4719 604 4778 manime
615 4721 749 4781 conuenit.
