4378 5954
274 535 434 654 ranan]
725 566 921 628 nrsronrs
946 565 1237 630 nrruonnrrca

683 919 795 982 ANNO
817 919 914 982 1204
932 953 972 968 -
993 919 1232 980 suniericus
1254 920 1284 980 7.

870 1161 1110 1186 -Φῠ

332 1383 573 1466 Innocentius
590 1410 689 1494 papa
706 1383 891 1467 universis
908 1383 948 1464 in
968 1383 1094 1466 Sicilia
1110 1391 1148 1464 et
1166 1379 1341 1464 Calabria
1358 1381 1570 1466 constitutis
1588 1380 1689 1464 scri·
1742 1383 1868 1492 mg

281 1515 337 1598 bit
359 1542 417 1620 se,
439 1542 527 1598 cum
549 1517 759 1600 innocentis
776 1519 877 1627 regis
896 1514 1076 1598 infantiae
1092 1523 1130 1596 et
1146 1514 1255 1624 regni
1273 1514 1446 1598 miseriae
1462 1516 1592 1598 deesse
1609 1540 1688 1598 non

281 1649 394 1756 velit,
415 1651 465 1732 ad
495 1677 560 1736 eos
586 1651 776 1734 destinare
805 1651 851 1734 G.
870 1650 998 1734 Sancti
1025 1648 1181 1733 Adriani
1208 1648 1413 1730 diaconum
1439 1647 1687 1754 cardinalem,

283 1781 344 1866 cui
361 1783 461 1868 vices
478 1810 568 1868 suas
586 1783 774 1868 commisit
790 1792 827 1866 et
842 1783 915 1893 ipsi
931 1783 971 1866 in
990 1782 1169 1866 omnibus
1186 1781 1380 1864 intendere
1397 1780 1573 1864 debeant.

366 1998 469 2080 (Edld.
484 1999 787 2074 anourenv,1onoc.
802 1993 983 2078 Ineptias,
999 1995 1052 2058 lib.
1066 1995 1142 2072 vn,
1154 2001 1179 2057 t.
1195 1995 1240 2070 11,
1256 2012 1287 2074 p.
1302 1992 1387 2074 m.)

334 2189 566 2271 innocentius,
584 2197 668 2278 ete,
685 2185 967 2282 archiepiscopis,
989 2184 1175 2280 episcopis,
1196 2183 1395 2273 abbatibus,
1412 2181 1613 2272 comitibus,
1630 2179 1698 2254 ba·

285 2313 429 2386 renibus
445 2323 480 2386 et
498 2313 663 2385 universo
680 2312 770 2384 clero
786 2321 821 2382 et
836 2311 966 2406 populo
985 2309 1022 2380 in
1042 2309 1159 2380 Sicilia
1177 2317 1213 2380 et
1229 2305 1385 2380 Calabria
1400 2305 1613 2392 constitutis,
1630 2315 1695 2378 etc.

286 2438 455 2533 Egressus
480 2437 585 2509 Satan
609 2457 631 2508 a
659 2435 746 2508 tacie
767 2434 923 2524 Domini,
949 2433 1149 2506 conscium
1171 2453 1276 2528 super
1299 2432 1463 2504 omnibus
1488 2451 1559 2526 que
1585 2429 1701 2526 possi-

289 2563 371 2635 dere
387 2561 615 2652 videbamini,
634 2559 698 2634 sed
711 2570 745 2632 et
763 2560 800 2631 in
816 2559 968 2654 personis
984 2557 1217 2654 quorumdam
1233 2579 1280 2630 ex
1296 2557 1398 2629 vobis
1414 2557 1460 2628 ab
1475 2577 1518 2629 eo
1535 2564 1701 2652 potestate

289 2695 461 2780 suscepta,
480 2684 645 2756 cribravit
656 2705 719 2756 vos
735 2683 901 2756 hactenus
913 2683 1003 2755 siout
1017 2683 1167 2754 triticum
1184 2690 1219 2753 et
1233 2689 1273 2751 ut
1291 2680 1506 2774 manipulum
1523 2679 1700 2774 palearum

290 2809 457 2901 excussit,
471 2809 518 2882 ita
536 2819 576 2880 ut
589 2808 673 2880 nibil
685 2808 928 2881 inconcussum
940 2807 1159 2900 relinqueret,
1171 2803 1234 2877 sed
1247 2803 1401 2876 immisso
1409 2813 1513 2876 vento
1527 2825 1549 2877 a
1561 2803 1701 2897 regione

291 2935 431 3022 deserti,
448 2935 615 3006 elementa
630 2933 666 3004 in
682 2932 943 3006 concussionem
957 2940 1105 3004 vestram
1114 2939 1149 3002 et
1161 2927 1338 3001 excidium
1353 2935 1595 3000 commoveret.
1609 2926 1702 3000 Licet

292 3059 385 3132 enim
394 3057 702 3132 noveritDominus
711 3057 771 3151 qui
782 3065 862 3128 sunt
870 3057 958 3149 ejus,
968 3065 1090 3151 utpote
1099 3054 1156 3127 cui
1166 3062 1300 3128 secreta
1308 3051 1467 3124 cordium
1476 3061 1558 3124 sunt
1566 3061 1699 3148 aperta,

292 3185 438 3280 probare
455 3192 569 3254 umen
588 3182 697 3257 voluit
712 3191 747 3254 et
763 3180 923 3276 probavit
936 3201 980 3252 au
997 3178 1084 3252 fides
1102 3189 1215 3253 vestra
1234 3177 1411 3276 proliceret
1427 3199 1472 3250 an
1491 3175 1652 3252 deficeret
1666 3173 1702 3250 in

293 3307 463 3394 adversis,
482 3315 517 3378 et
531 3313 647 3378 utrum
661 3305 863 3378 resisteretis
877 3305 1017 3378 flatibus
1032 3305 1218 3400 aquilonis,
1231 3305 1292 3399 qui
1310 3305 1413 3377 llante
1428 3313 1543 3376 austro
1557 3303 1703 3378 videba-

295 3431 379 3502 mini
396 3431 564 3504 floruisse.
583 3430 718 3503 Utinam
732 3430 838 3524 igitur
852 3429 992 3503 vexatio
1010 3429 1111 3504 vobis
1128 3427 1264 3503 dederit
1275 3424 1501 3502 intellectum!
1517 3429 1652 3502 Utinam
1667 3429 1704 3501 in

295 3556 361 3628 bac
382 3555 456 3627 sitis
473 3555 679 3628 cribratione
693 3555 852 3651 purgati,
875 3563 916 3628 ut
932 3555 1087 3650 probatio
1108 3553 1190 3628 fidei
1203 3563 1316 3648 vestre
1330 3555 1375 3628 sit
1391 3555 1500 3629 multo
1519 3555 1706 3652 preciosior

296 3703 400 3775 quam
414 3701 538 3752 aurum
554 3679 649 3774 quod
663 3702 725 3776 per
741 3679 856 3774 iguem
874 3676 1103 3775 probaturi...
1123 3677 1252 3778 [Pergit
1265 3703 1354 3777 papa
1366 3681 1589 3754 memorando
1599 3703 1705 3776 quam

296 3827 457 3900 asperum
480 3807 605 3898 jugum
629 3826 690 3900 per
714 3805 982 3877 imbecillitatem
1003 3804 1292 3900 supportaverint,
1314 3805 1571 3900 exhortansque
1588 3815 1628 3878 ut
1645 3827 1707 3902 per

297 3928 516 4003 concordiam
536 3929 573 4000 iu
591 3929 686 4001 hunc
708 3929 843 4003 felicem
861 3939 988 4002 statum
1011 3937 1194 4023 resurgant
1211 3951 1232 4001 a
1249 3949 1319 4023 quo
1338 3953 1401 4026 per
1419 3930 1627 4006 discordiam
1641 3931 1703 4004 de·

298 4052 475 4143 ciderunt3
494 4061 527 4124 et
544 4052 628 4125 inde
644 4049 676 4150 ε]
695 4053 787 4126 Licet
804 4063 919 4126 autem
935 4063 1073 4149 propter
1088 4052 1236 4126 offensas
1254 4055 1459 4150 multiplices
1477 4065 1511 4129 et
1528 4056 1704 4129 immode-

299 4188 390 4250 ratos
413 4198 579 4250 excessus
597 4176 793 4272 aliquorum
816 4200 862 4250 ox
885 4177 986 4250 vobis
1005 4179 1066 4273 qui
1090 4178 1280 4272 gloriantur
1297 4201 1376 4252 eum
1394 4180 1647 4253 malefecerint
1670 4191 1704 4255 et

299 4303 335 4374 in
364 4301 523 4398 pessimis
552 4302 657 4374 rebus
680 4303 856 4394 exulant,
886 4311 1036 4376 vestram
1065 4323 1246 4398 possemus
1272 4301 1488 4376 dissimulare
1510 4305 1702 4397 jacturam,

299 4427 382 4520 quia
400 4437 514 4500 mmeu
532 4425 723 4498 innocentis
740 4426 833 4519 regis
849 4425 992 4498 infantie
1008 4425 1130 4500 deesse
1146 4449 1213 4499 uec
1226 4427 1386 4499 volumus
1404 4448 1470 4498 nec
1489 4425 1657 4501 debemus
1672 4437 1707 4502 et

302 4561 429 4624 mntem
448 4551 545 4646 regui
568 4551 742 4626 miseriam
764 4551 891 4624 clausis
905 4551 1016 4624 oculis
1034 4551 1254 4648 pertransire,
1272 4572 1316 4624 ne
1332 4552 1497 4647 puniatur
1511 4554 1626 4646 justus
1644 4563 1706 4649 pro

301 4676 408 4773 impio
424 4685 460 4748 et
477 4697 540 4772 pro
557 4685 652 4773 patre
669 4675 760 4750 filius
776 4677 833 4750 vel
854 4686 949 4774 pater
968 4697 1032 4772 pro
1053 4675 1124 4750 illio
1143 4676 1409 4771 condemnetur,
1426 4677 1490 4752 sed
1504 4678 1621 4753 anima
1637 4703 1707 4775 que

380 4800 408 4864 1.
1514 4809 1552 4864 14
