4382 5946
248 511 347 570 lnbrcr.
363 505 406 585 3.]
698 503 896 564 HISTORIA
921 497 1216 562 btrbomet’tcn.
1603 491 1665 553 325

250 641 409 748 Pupeto,
429 636 626 720 canalibus
643 644 681 718 et
698 636 868 746 palatiis,
889 660 1035 718 necnon
1054 645 1091 716 et
1112 641 1280 713 castrum
1308 627 1437 710 Sancti
1463 626 1662 709 Theuderii

251 770 592 880 compertinentiis
614 769 718 880 ejus,
743 779 780 852 et
805 769 935 850 omnia
962 795 985 848 a
1011 765 1316 876 quibuscumque
1342 761 1465 843 eidem
1487 758 1665 840 ecclesiae

252 903 461 1009 translata,
481 903 751 1012 praedictoque
773 902 1052 1010 archiepiscopo
1078 907 1226 1007 praeter
1253 891 1666 977 archicancellariatum

251 1038 292 1118 in
310 1062 430 1147 regno
448 1035 712 1146 burgundiae,
734 1035 1009 1144 amplissimam
1032 1030 1332 1142 jurisdictionem
1357 1039 1394 1110 et
1415 1025 1559 1136 regalia
1577 1024 1666 1134 jura

252 1169 437 1252 concedit.

335 1383 462 1463 (Edtder.
479 1383 522 1444 Lr
535 1383 668 1457 brivas,
679 1382 754 1442 rtur.
770 1379 805 1442 dc
818 1378 933 1462 l'untiq.
949 1387 977 1440 ct
989 1379 1124 1441 macuta
1137 1375 1171 1437 dc
1189 1373 1219 1436 Ia
1237 1376 1291 1436 ctu
1307 1373 1341 1436 dc
1360 1375 1480 1450 tcum,
1495 1392 1524 1452 p.
1546 1383 1618 1448 3543
1635 1383 1666 1437 et

372 1490 468 1550 multo
483 1490 603 1552 brevius
616 1489 919 1568 verbenacam.
930 1485 965 1548 de
974 1484 1140 1567 Daupbint,
1155 1485 1279 1561 t.11‚p.
1296 1482 1448 1546 ἰα-Εἰ.
1464 1479 1563 1542 Gallia
1575 1480 1665 1542 otre-

375 1598 472 1672 tr'oao,
488 1604 513 1657 t.
528 1597 560 1675 1,
581 1615 612 1674 p.
635 1607 712 1672 802,
733 1597 790 1659 eol.
806 1607 842 1672 2,
857 1604 888 1658 et
909 1599 1044 1658 loannes
1064 1613 1084 1654 a
1105 1595 1222 1668 Bosco,
1243 1591 1368 1650 Viennae
1384 1591 1521 1672 antiquat.
1543 1608 1618 1652 sacr.
1638 1597 1667 1653 ct

374 1702 465 1784 Ws‘t
481 1721 511 1781 P·
528 1707 592 1778 9⁰·)

304 1891 342 1961 ln
362 1890 502 1963 nomine
522 1899 638 1964 sancte
655 1900 689 1962 et
707 1889 891 1964 individue
907 1887 1092 1961 Trinitatis.
1115 1885 1311 1960 Friderieus
1328 1886 1520 1976 secundus,
1546 1883 1664 1958 divina

255 2017 394 2087 favento
413 2015 592 2088 clementia
610 2015 843 2087 Romanorum
860 2035 937 2103 rex,
953 2034 1088 2107 semper
1104 2019 1274 2104 augustus
1287 2019 1322 2083 et
1339 2032 1402 2082 rex
1415 2009 1542 2082 Sicilie.
1559 2011 1665 2082 Vien-

255 2139 372 2211 nensis
389 2139 533 2212 ecclesia
551 2140 641 2211 sicut
657 2139 746 2211 inter
768 2147 898 2211 ceteras
915 2137 1078 2210 ecclesias
1101 2146 1136 2208 et
1151 2137 1431 2231 metropolitanas
1450 2134 1549 2208 sedes
1567 2134 1666 2228 regui

254 2262 457 2356 Burgundio
478 2263 587 2356 gloria
604 2273 639 2336 et
660 2264 789 2349 bonore
809 2263 910 2357 quasi
933 2262 1066 2335 clariori
1089 2263 1203 2334 sidere
1225 2263 1389 2356 refulget,
1414 2261 1461 2332 ita
1482 2261 1666 2356 peculiaris

254 2389 363 2482 gratie
390 2389 643 2484 prerogativam
665 2388 760 2484 apud
781 2384 994 2483 imperialem
1019 2387 1254 2460 celsitudinem
1280 2387 1405 2458 meruit
1429 2385 1600 2477 obtinere,
1627 2395 1667 2458 ut

255 2513 538 2609 metropolitanus
561 2517 636 2608 ejus
655 2513 744 2587 inter
762 2525 892 2587 ceteros
915 2513 1168 2585 archiflamines
1187 2511 1409 2608 principalem
1427 2511 1540 2582 locum
1559 2519 1594 2581 et
1611 2509 1667 2582 di·

255 2638 420 2730 gnitatem
445 2639 610 2712 obtineat.
637 2639 680 2709 llt
700 2639 783 2733 quia
809 2638 971 2734 princeps
991 2637 1097 2709 nostri
1119 2636 1253 2708 consilii
1276 2645 1328 2708 est
1345 2645 1379 2706 et
1400 2634 1666 2706 archicancella-

257 2761 329 2833 rius
352 2761 387 2832 in
405 2781 513 2854 regno
531 2763 734 2856 Burgundie
750 2773 784 2834 et
798 2763 930 2858 primus
950 2763 985 2832 in
1006 2763 1085 2834 aula
1104 2761 1233 2855 regali,
1257 2769 1292 2833 et
1312 2762 1348 2831 in
1371 2759 1667 2832 administratione

256 2884 444 2980 reipublice
476 2885 598 2958 ceteris
621 2886 855 2978 excellentiori
883 2886 1051 2978 dignitate
1079 2887 1285 2982 prepolleat;
1311 2893 1519 2978 quapropter
1546 2891 1666 2954 notum

256 3009 401 3082 facimus
432 3010 605 3082 universis
637 3011 772 3105 imperii
802 3011 909 3083 nostri
937 3011 1098 3084 fidelibus
1123 3008 1342 3106 presentibus
1367 3019 1402 3081 et
1425 3007 1550 3080 suturis
1571 3005 1667 3101 quod

256 3155 338 3226 noe,
358 3134 546 3208 imitatione
563 3135 770 3208 serenissimi
793 3136 900 3230 petris
921 3137 1027 3208 nostri
1046 3136 1184 3208 Henrici
1202 3135 1431 3207 Romanorum
1454 3133 1668 3227 imperatoris

257 3258 330 3330 divi
351 3260 490 3350 augusti
506 3268 541 3332 et
560 3259 652 3353 regis
671 3259 804 3350 Sicilie,
825 3282 887 3356 pro
912 3259 1005 3332 fideli
1027 3260 1213 3333 devotione
1230 3269 1336 3353 atque
1358 3257 1547 3329 constantia
1562 3278 1666 3350 quam

257 3382 359 3454 nobis
374 3392 409 3455 et
425 3384 578 3456 Romano
596 3384 741 3480 imperio
757 3385 963 3456 Viennensis
981 3385 1126 3456 ecclesia
1149 3383 1316 3456 hactenus
1333 3381 1467 3454 studuit
1482 3382 1664 3473 exhibere,

258 3506 321 3578 tibi
333 3508 535 3597 Humberte,
547 3509 754 3581 venerabilis
768 3509 1039 3605 archiepiscope,
1055 3519 1090 3582 et
1103 3529 1166 3604 per
1181 3518 1215 3580 te
1229 3505 1484 3580 successoribus
1497 3507 1567 3578 tuis
1577 3516 1612 3579 et
1626 3506 1669 3578 fi·

256 3629 327 3702 deli
350 3632 453 3704 etiam
469 3642 650 3727 pretaxate
667 3635 812 3706 ecclesie
832 3633 1075 3707 canonicorum
1093 3632 1279 3706 conventui
1297 3631 1465 3704 Viennam
1481 3632 1669 3704 cumomni

257 3755 452 3850 integritate
471 3759 735 3850 committimus,
757 3759 927 3854 Pupetum
945 3758 1121 3847 videlicet,
1142 3759 1291 3844 canalm,
1309 3757 1435 3852 palatia
1449 3755 1516 3851 (t),
1531 3767 1666 3852 portus3

256 3889 292 3951 et
305 3883 334 3952 si
348 3904 419 3976 qua
440 3891 522 3954 sunt
542 3883 610 3955 alia
633 3884 721 3955 infra
735 3892 771 3955 et
787 3892 885 3956 extra
905 3883 952 3957 ad
974 3883 1130 3977 ejusdem
1150 3882 1355 3977 dignitatem
1378 3881 1582 3977 pertinentia
1600 3901 1670 3974 que

258 4001 335 4099 (aie)
351 4005 479 4077 wnoris
494 4005 637 4080 modurn
660 4007 722 4078 tibi
745 4016 781 4080 et
802 4008 947 4080 ecclesie
965 4017 1025 4080 tue
1039 4015 1342 4100 recognoscentes,
1362 4026 1497 4077 omnem
1516 4004 1672 4075 laicalem

257 4146 437 4219 personam
468 4131 563 4201 nulla
594 4131 752 4204 obstante
780 4131 943 4226 temporis
971 4133 1217 4227 prescriptione
1244 4154 1265 4203 a
1292 4129 1446 4203 dominio
1474 4126 1671 4222 supradicte

260 4250 355 4323 urbis
381 4253 604 4326 excludimus
628 4253 902 4350 inperpetuum.
925 4256 1058 4328 Prclata
1080 4256 1212 4350 quippe
1230 4254 1353 4327 civitas
1374 4251 1560 4349 imperialis
1577 4249 1671 4323 sedis

295 4557 331 4634 (t)
351 4558 451 4618 Gallico
464 4577 587 4620 sermone
601 4561 624 4619 le
637 4561 753 4621 cbdteun
766 4565 863 4637 Pipct,
881 4561 904 4620 te
915 4561 1011 4636 puluis
1023 4561 1069 4620 des
1083 4561 1216 4632 Coccum
1231 4577 1306 4620 arces
1317 4561 1417 4619 scilcet
1430 4561 1458 4619 in
1470 4559 1536 4620 locis
1549 4559 1670 4620 eminen-

259 4656 331 4715 tibus
345 4657 414 4716 intra
427 4658 502 4716 urbis
516 4659 653 4720 circuitum
667 4667 826 4720 exstructae.
