<?xml version="1.0" encoding="UTF-8"?>
<!DOCTYPE html PUBLIC "-//W3C//DTD XHTML 1.0 Transitional//EN"
    "http://www.w3.org/TR/xhtml1/DTD/xhtml1-transitional.dtd">
<html xmlns="http://www.w3.org/1999/xhtml" xml:lang="en" lang="en">
 <head>
  <title>
</title>
<meta http-equiv="Content-Type" content="text/html;charset=utf-8" />
  <meta name='ocr-system' content='tesseract 3.04.00' />
  <meta name='ocr-capabilities' content='ocr_page ocr_carea ocr_par ocr_line ocrx_word'/>
</head>
<body>
  <div class='ocr_page' id='page_1' title='image "./historiadiploma06fredgoog_0043.png"; bbox 0 0 4434 5942; ppageno 0'>
   <div class='ocr_carea' id='block_1_1' title="bbox 544 543 1952 626">
    <p class='ocr_par' dir='ltr' id='par_1_1' title="bbox 544 543 1952 626">
     <span class='ocr_line' id='line_1_1' title="bbox 544 543 1952 626; baseline 0.001 -17"><span class='ocrx_word' id='word_1_1' title='bbox 544 546 587 609; x_wconf 75' lang='lat' dir='ltr'><strong>tt</strong></span> <span class='ocrx_word' id='word_1_2' title='bbox 1043 543 1256 606; x_wconf 70' lang='lat' dir='ltr'><strong>uetustum</strong></span> <span class='ocrx_word' id='word_1_3' title='bbox 1283 544 1458 608; x_wconf 67' lang='lat' dir='ltr'><strong>securior</strong></span> <span class='ocrx_word' id='word_1_4' title='bbox 1759 547 1844 626; x_wconf 78' lang='lat' dir='ltr'><strong>[err.</strong></span> <span class='ocrx_word' id='word_1_5' title='bbox 1863 548 1952 612; x_wconf 81' lang='lat'><strong>1199.</strong></span> 
     </span>
    </p>
   </div>
   <div class='ocr_carea' id='block_1_2' title="bbox 543 678 1962 4142">
    <p class='ocr_par' dir='ltr' id='par_1_2' title="bbox 543 678 1962 4142">
     <span class='ocr_line' id='line_1_2' title="bbox 544 678 1954 776; baseline -0.001 -20"><span class='ocrx_word' id='word_1_6' title='bbox 544 684 667 757; x_wconf 88' lang='lat' dir='ltr'><strong>Sancte</strong></span> <span class='ocrx_word' id='word_1_7' title='bbox 681 679 796 754; x_wconf 87' lang='lat' dir='ltr'><strong>Prisce</strong></span> <span class='ocrx_word' id='word_1_8' title='bbox 811 679 1050 776; x_wconf 80' lang='lat' dir='ltr'><strong>presbyterum</strong></span> <span class='ocrx_word' id='word_1_9' title='bbox 1069 678 1281 754; x_wconf 81' lang='lat' dir='ltr'><strong>cardinalem</strong></span> <span class='ocrx_word' id='word_1_10' title='bbox 1296 679 1492 776; x_wconf 86' lang='lat' dir='ltr'><strong>Apostolice</strong></span> <span class='ocrx_word' id='word_1_11' title='bbox 1506 680 1608 756; x_wconf 84' lang='lat' dir='ltr'><strong>Sedis</strong></span> <span class='ocrx_word' id='word_1_12' title='bbox 1626 681 1778 776; x_wconf 78' lang='lat' dir='ltr'><strong>legatum</strong></span> <span class='ocrx_word' id='word_1_13' title='bbox 1794 690 1865 754; x_wconf 88' lang='lat' dir='ltr'><strong>tota</strong></span> <span class='ocrx_word' id='word_1_14' title='bbox 1881 681 1954 755; x_wconf 86' lang='lat' dir='ltr'><strong>lere</strong></span> 
     </span>
     <span class='ocr_line' id='line_1_3' title="bbox 546 803 1955 901; baseline -0.004 -19"><span class='ocrx_word' id='word_1_15' title='bbox 546 815 636 882; x_wconf 86' lang='lat' dir='ltr'><strong>terra</strong></span> <span class='ocrx_word' id='word_1_16' title='bbox 653 827 759 901; x_wconf 89' lang='lat' dir='ltr'><strong>quam</strong></span> <span class='ocrx_word' id='word_1_17' title='bbox 778 804 871 878; x_wconf 92' lang='lat' dir='ltr'><strong>idem</strong></span> <span class='ocrx_word' id='word_1_18' title='bbox 887 803 1130 878; x_wconf 85' lang='lat' dir='ltr'><strong>Marcovuldus</strong></span> <span class='ocrx_word' id='word_1_19' title='bbox 1149 804 1315 878; x_wconf 76' lang='lat' dir='ltr'>habuerat</span> <span class='ocrx_word' id='word_1_20' title='bbox 1335 805 1372 876; x_wconf 95' lang='lat' dir='ltr'><strong>in</strong></span> <span class='ocrx_word' id='word_1_21' title='bbox 1389 803 1541 878; x_wconf 78' lang='lat' dir='ltr'><strong>Marobia</strong></span> <span class='ocrx_word' id='word_1_22' title='bbox 1557 803 1603 878; x_wconf 87' lang='lat' dir='ltr'><strong>sit</strong></span> <span class='ocrx_word' id='word_1_23' title='bbox 1618 803 1741 878; x_wconf 90' lang='lat' dir='ltr'><strong>divino</strong></span> <span class='ocrx_word' id='word_1_24' title='bbox 1756 827 1900 880; x_wconf 88' lang='lat' dir='ltr'><strong>munere</strong></span> <span class='ocrx_word' id='word_1_25' title='bbox 1918 805 1955 877; x_wconf 96' lang='lat' dir='ltr'><strong>in</strong></span> 
     </span>
     <span class='ocr_line' id='line_1_4' title="bbox 546 928 1954 1024; baseline -0.001 -19"><span class='ocrx_word' id='word_1_26' title='bbox 546 953 654 1005; x_wconf 88' lang='lat' dir='ltr'><strong>manu</strong></span> <span class='ocrx_word' id='word_1_27' title='bbox 670 930 750 1005; x_wconf 88' lang='lat' dir='ltr'><strong>lorti</strong></span> <span class='ocrx_word' id='word_1_28' title='bbox 763 941 798 1003; x_wconf 94' lang='lat' dir='ltr'><strong>et</strong></span> <span class='ocrx_word' id='word_1_29' title='bbox 818 929 960 1003; x_wconf 91' lang='lat' dir='ltr'><strong>bracbic</strong></span> <span class='ocrx_word' id='word_1_30' title='bbox 983 937 1124 1004; x_wconf 82' lang='lat' dir='ltr'><strong>extento</strong></span> <span class='ocrx_word' id='word_1_31' title='bbox 1139 929 1187 1002; x_wconf 87' lang='lat' dir='ltr'><strong>ad</strong></span> <span class='ocrx_word' id='word_1_32' title='bbox 1206 928 1399 1003; x_wconf 91' lang='lat' dir='ltr'><strong>dominium</strong></span> <span class='ocrx_word' id='word_1_33' title='bbox 1420 928 1573 1002; x_wconf 73' lang='lat' dir='ltr'><strong>Ecclesia</strong></span> <span class='ocrx_word' id='word_1_34' title='bbox 1594 938 1766 1024; x_wconf 82' lang='lat' dir='ltr'><strong>revocata,</strong></span> <span class='ocrx_word' id='word_1_35' title='bbox 1789 930 1954 1004; x_wconf 89' lang='lat' dir='ltr'><strong>munitio·</strong></span> 
     </span>
     <span class='ocr_line' id='line_1_5' title="bbox 546 1054 1953 1151; baseline -0.002 -22"><span class='ocrx_word' id='word_1_36' title='bbox 546 1056 651 1129; x_wconf 93' lang='lat' dir='ltr'><strong>nibus</strong></span> <span class='ocrx_word' id='word_1_37' title='bbox 664 1057 741 1148; x_wconf 91' lang='lat' dir='ltr'><strong>ejus</strong></span> <span class='ocrx_word' id='word_1_38' title='bbox 755 1055 791 1128; x_wconf 96' lang='lat' dir='ltr'><strong>in</strong></span> <span class='ocrx_word' id='word_1_39' title='bbox 808 1054 936 1149; x_wconf 90' lang='lat' dir='ltr'><strong>quibus</strong></span> <span class='ocrx_word' id='word_1_40' title='bbox 949 1075 1047 1150; x_wconf 89' lang='lat' dir='ltr'><strong>spem</strong></span> <span class='ocrx_word' id='word_1_41' title='bbox 1059 1077 1158 1128; x_wconf 88' lang='lat' dir='ltr'><strong>suam</strong></span> <span class='ocrx_word' id='word_1_42' title='bbox 1174 1063 1336 1151; x_wconf 79' lang='lat' dir='ltr'><strong>posuerat</strong></span> <span class='ocrx_word' id='word_1_43' title='bbox 1353 1054 1501 1128; x_wconf 87' lang='lat' dir='ltr'><strong>reductis</strong></span> <span class='ocrx_word' id='word_1_44' title='bbox 1517 1055 1555 1126; x_wconf 94' lang='lat' dir='ltr'><strong>in</strong></span> <span class='ocrx_word' id='word_1_45' title='bbox 1568 1055 1717 1128; x_wconf 88' lang='lat' dir='ltr'><strong>cinerem</strong></span> <span class='ocrx_word' id='word_1_46' title='bbox 1733 1065 1768 1129; x_wconf 88' lang='lat' dir='ltr'><strong>et</strong></span> <span class='ocrx_word' id='word_1_47' title='bbox 1785 1055 1953 1130; x_wconf 85' lang='lat' dir='ltr'><strong>favillam.</strong></span> 
     </span>
     <span class='ocr_line' id='line_1_6' title="bbox 544 1179 1954 1276; baseline 0 -22"><span class='ocrx_word' id='word_1_48' title='bbox 544 1181 614 1254; x_wconf 89' lang='lat' dir='ltr'><strong>Nos</strong></span> <span class='ocrx_word' id='word_1_49' title='bbox 632 1181 735 1253; x_wconf 89' lang='lat' dir='ltr'><strong>etiam</strong></span> <span class='ocrx_word' id='word_1_50' title='bbox 757 1179 928 1253; x_wconf 82' lang='lat' dir='ltr'><strong>thesauris</strong></span> <span class='ocrx_word' id='word_1_51' title='bbox 946 1179 1070 1254; x_wconf 90' lang='lat' dir='ltr'><strong>nostris</strong></span> <span class='ocrx_word' id='word_1_52' title='bbox 1094 1179 1130 1251; x_wconf 94' lang='lat' dir='ltr'><strong>in</strong></span> <span class='ocrx_word' id='word_1_53' title='bbox 1151 1181 1245 1254; x_wconf 92' lang='lat' dir='ltr'><strong>nullo</strong></span> <span class='ocrx_word' id='word_1_54' title='bbox 1268 1179 1504 1276; x_wconf 85' lang='lat' dir='ltr'><strong>pepercimus;</strong></span> <span class='ocrx_word' id='word_1_55' title='bbox 1528 1180 1634 1253; x_wconf 92' lang='lat' dir='ltr'><strong>immo</strong></span> <span class='ocrx_word' id='word_1_56' title='bbox 1652 1181 1756 1254; x_wconf 89' lang='lat' dir='ltr'><strong>etiam</strong></span> <span class='ocrx_word' id='word_1_57' title='bbox 1777 1201 1848 1254; x_wconf 91' lang='lat' dir='ltr'><strong>non</strong></span> <span class='ocrx_word' id='word_1_58' title='bbox 1873 1202 1954 1254; x_wconf 91' lang='lat' dir='ltr'><strong>mo-</strong></span> 
     </span>
     <span class='ocr_line' id='line_1_7' title="bbox 545 1303 1949 1401; baseline 0.001 -23"><span class='ocrx_word' id='word_1_59' title='bbox 545 1304 660 1379; x_wconf 88' lang='lat' dir='ltr'><strong>dicam</strong></span> <span class='ocrx_word' id='word_1_60' title='bbox 674 1304 822 1401; x_wconf 83' lang='lat' dir='ltr'><strong>pecunie</strong></span> <span class='ocrx_word' id='word_1_61' title='bbox 839 1303 1064 1399; x_wconf 76' lang='lat' dir='ltr'><strong>quantitatem</strong></span> <span class='ocrx_word' id='word_1_62' title='bbox 1090 1305 1136 1377; x_wconf 89' lang='lat' dir='ltr'><strong>ab</strong></span> <span class='ocrx_word' id='word_1_63' title='bbox 1151 1305 1229 1379; x_wconf 87' lang='lat' dir='ltr'><strong>aliis</strong></span> <span class='ocrx_word' id='word_1_64' title='bbox 1255 1314 1467 1396; x_wconf 87' lang='lat' dir='ltr'><strong>mutuantes,</strong></span> <span class='ocrx_word' id='word_1_65' title='bbox 1491 1303 1655 1378; x_wconf 89' lang='lat' dir='ltr'><strong>dilectum</strong></span> <span class='ocrx_word' id='word_1_66' title='bbox 1674 1303 1784 1378; x_wconf 86' lang='lat' dir='ltr'><strong>filium</strong></span> <span class='ocrx_word' id='word_1_67' title='bbox 1804 1307 1834 1378; x_wconf 91' lang='lat' dir='ltr'><strong>l.</strong></span> <span class='ocrx_word' id='word_1_68' title='bbox 1859 1307 1949 1380; x_wconf 93' lang='lat' dir='ltr'><strong>tituli</strong></span> 
     </span>
     <span class='ocr_line' id='line_1_8' title="bbox 543 1428 1954 1525; baseline 0.001 -22"><span class='ocrx_word' id='word_1_69' title='bbox 543 1431 667 1504; x_wconf 88' lang='lat' dir='ltr'><strong>Sancte</strong></span> <span class='ocrx_word' id='word_1_70' title='bbox 691 1429 905 1502; x_wconf 90' lang='lat' dir='ltr'><strong>Pudentiane</strong></span> <span class='ocrx_word' id='word_1_71' title='bbox 928 1430 1168 1524; x_wconf 79' lang='lat' dir='ltr'><strong>presbyterum</strong></span> <span class='ocrx_word' id='word_1_72' title='bbox 1192 1429 1398 1506; x_wconf 85' lang='lat' dir='ltr'><strong>cardinalem</strong></span> <span class='ocrx_word' id='word_1_73' title='bbox 1417 1428 1611 1525; x_wconf 85' lang='lat' dir='ltr'><strong>Apostolice</strong></span> <span class='ocrx_word' id='word_1_74' title='bbox 1628 1430 1728 1506; x_wconf 89' lang='lat' dir='ltr'><strong>Sedis</strong></span> <span class='ocrx_word' id='word_1_75' title='bbox 1745 1431 1896 1524; x_wconf 82' lang='lat' dir='ltr'><strong>legatum</strong></span> <span class='ocrx_word' id='word_1_76' title='bbox 1919 1441 1954 1506; x_wconf 89' lang='lat' dir='ltr'><strong>et</strong></span> 
     </span>
     <span class='ocr_line' id='line_1_9' title="bbox 544 1553 1955 1628; baseline 0 0"><span class='ocrx_word' id='word_1_77' title='bbox 544 1576 624 1628; x_wconf 92' lang='lat' dir='ltr'><strong>cnm</strong></span> <span class='ocrx_word' id='word_1_78' title='bbox 638 1575 680 1628; x_wconf 91' lang='lat' dir='ltr'><strong>eo</strong></span> <span class='ocrx_word' id='word_1_79' title='bbox 695 1553 858 1627; x_wconf 91' lang='lat' dir='ltr'><strong>dilectum</strong></span> <span class='ocrx_word' id='word_1_80' title='bbox 874 1553 983 1626; x_wconf 87' lang='lat' dir='ltr'><strong>filium</strong></span> <span class='ocrx_word' id='word_1_81' title='bbox 995 1553 1037 1624; x_wconf 92' lang='grc' dir='ltr'><strong>Ο.</strong></span> <span class='ocrx_word' id='word_1_82' title='bbox 1051 1553 1304 1627; x_wconf 88' lang='lat' dir='ltr'><strong>subdiaconum</strong></span> <span class='ocrx_word' id='word_1_83' title='bbox 1316 1553 1560 1626; x_wconf 85' lang='lat' dir='ltr'><strong>consobrinum</strong></span> <span class='ocrx_word' id='word_1_84' title='bbox 1571 1564 1727 1626; x_wconf 88' lang='lat' dir='ltr'><strong>nostrum</strong></span> <span class='ocrx_word' id='word_1_85' title='bbox 1739 1576 1820 1626; x_wconf 90' lang='lat' dir='ltr'><strong>cum</strong></span> <span class='ocrx_word' id='word_1_86' title='bbox 1832 1554 1955 1628; x_wconf 89' lang='lat' dir='ltr'><strong>eadem</strong></span> 
     </span>
     <span class='ocr_line' id='line_1_10' title="bbox 544 1677 1956 1776; baseline 0 -24"><span class='ocrx_word' id='word_1_87' title='bbox 544 1679 693 1776; x_wconf 89' lang='lat' dir='ltr'><strong>pecnnia</strong></span> <span class='ocrx_word' id='word_1_88' title='bbox 714 1679 752 1750; x_wconf 96' lang='lat' dir='ltr'><strong>in</strong></span> <span class='ocrx_word' id='word_1_89' title='bbox 776 1678 964 1751; x_wconf 82' lang='lat' dir='ltr'><strong>biarchiam</strong></span> <span class='ocrx_word' id='word_1_90' title='bbox 983 1677 1031 1751; x_wconf 91' lang='lat' dir='ltr'><strong>ad</strong></span> <span class='ocrx_word' id='word_1_91' title='bbox 1054 1678 1199 1752; x_wconf 81' lang='lat' dir='ltr'><strong>comites</strong></span> <span class='ocrx_word' id='word_1_92' title='bbox 1217 1677 1283 1775; x_wconf 86' lang='lat' dir='ltr'><strong>(l),</strong></span> <span class='ocrx_word' id='word_1_93' title='bbox 1302 1678 1448 1752; x_wconf 85' lang='lat' dir='ltr'><strong>barones</strong></span> <span class='ocrx_word' id='word_1_94' title='bbox 1472 1686 1507 1750; x_wconf 90' lang='lat' dir='ltr'><strong>et</strong></span> <span class='ocrx_word' id='word_1_95' title='bbox 1524 1677 1610 1750; x_wconf 89' lang='lat' dir='ltr'><strong>alios</strong></span> <span class='ocrx_word' id='word_1_96' title='bbox 1625 1677 1717 1772; x_wconf 75' lang='lat' dir='ltr'><strong>regis</strong></span> <span class='ocrx_word' id='word_1_97' title='bbox 1735 1687 1770 1751; x_wconf 93' lang='lat' dir='ltr'><strong>et</strong></span> <span class='ocrx_word' id='word_1_98' title='bbox 1791 1679 1890 1772; x_wconf 77' lang='lat' dir='ltr'><strong>regni</strong></span> <span class='ocrx_word' id='word_1_99' title='bbox 1914 1677 1956 1752; x_wconf 84' lang='lat' dir='ltr'><strong>fi-</strong></span> 
     </span>
     <span class='ocr_line' id='line_1_11' title="bbox 546 1801 1956 1899; baseline -0.001 -22"><span class='ocrx_word' id='word_1_100' title='bbox 546 1803 641 1877; x_wconf 93' lang='lat' dir='ltr'><strong>deles</strong></span> <span class='ocrx_word' id='word_1_101' title='bbox 659 1802 826 1876; x_wconf 88' lang='lat' dir='ltr'><strong>duximus</strong></span> <span class='ocrx_word' id='word_1_102' title='bbox 848 1801 1092 1895; x_wconf 87' lang='lat' dir='ltr'><strong>destinandos,</strong></span> <span class='ocrx_word' id='word_1_103' title='bbox 1115 1803 1178 1897; x_wconf 89' lang='lat' dir='ltr'><strong>qui</strong></span> <span class='ocrx_word' id='word_1_104' title='bbox 1197 1804 1270 1896; x_wconf 75' lang='lat' dir='ltr'><strong>iam</strong></span> <span class='ocrx_word' id='word_1_105' title='bbox 1289 1803 1444 1877; x_wconf 89' lang='lat' dir='ltr'><strong>validum</strong></span> <span class='ocrx_word' id='word_1_106' title='bbox 1467 1812 1633 1899; x_wconf 92' lang='lat' dir='ltr'><strong>ceperunt</strong></span> <span class='ocrx_word' id='word_1_107' title='bbox 1658 1803 1850 1876; x_wconf 81' lang='lat' dir='ltr'><strong>exercitum</strong></span> <span class='ocrx_word' id='word_1_108' title='bbox 1872 1825 1956 1878; x_wconf 92' lang='lat' dir='ltr'><strong>con·</strong></span> 
     </span>
     <span class='ocr_line' id='line_1_12' title="bbox 546 1926 1958 2022; baseline 0.001 -22"><span class='ocrx_word' id='word_1_109' title='bbox 546 1948 702 2022; x_wconf 79' lang='lat' dir='ltr'><strong>gregare.</strong></span> <span class='ocrx_word' id='word_1_110' title='bbox 721 1926 879 1998; x_wconf 83' lang='lat' dir='ltr'><strong>Fecimus</strong></span> <span class='ocrx_word' id='word_1_111' title='bbox 897 1947 1036 2020; x_wconf 84' lang='lat' dir='ltr'><strong>quoque</strong></span> <span class='ocrx_word' id='word_1_112' title='bbox 1050 1947 1072 1999; x_wconf 88' lang='lat' dir='ltr'><strong>a</strong></span> <span class='ocrx_word' id='word_1_113' title='bbox 1088 1927 1207 1998; x_wconf 84' lang='lat' dir='ltr'><strong>multis</strong></span> <span class='ocrx_word' id='word_1_114' title='bbox 1225 1927 1427 2014; x_wconf 85' lang='lat' dir='ltr'><strong>comitibus,</strong></span> <span class='ocrx_word' id='word_1_115' title='bbox 1445 1927 1650 2017; x_wconf 87' lang='lat' dir='ltr'><strong>baronibus,</strong></span> <span class='ocrx_word' id='word_1_116' title='bbox 1671 1927 1812 2002; x_wconf 81' lang='lat' dir='ltr'><strong>civibus</strong></span> <span class='ocrx_word' id='word_1_117' title='bbox 1828 1938 1863 2001; x_wconf 92' lang='lat' dir='ltr'><strong>et</strong></span> <span class='ocrx_word' id='word_1_118' title='bbox 1880 1928 1958 2002; x_wconf 82' lang='lat' dir='ltr'><strong>aliis</strong></span> 
     </span>
     <span class='ocr_line' id='line_1_13' title="bbox 548 2050 1957 2144; baseline 0.003 -20"><span class='ocrx_word' id='word_1_119' title='bbox 548 2051 667 2124; x_wconf 91' lang='lat' dir='ltr'><strong>multis</strong></span> <span class='ocrx_word' id='word_1_120' title='bbox 683 2050 861 2124; x_wconf 87' lang='lat' dir='ltr'><strong>carissimo</strong></span> <span class='ocrx_word' id='word_1_121' title='bbox 876 2051 912 2122; x_wconf 97' lang='lat' dir='ltr'><strong>in</strong></span> <span class='ocrx_word' id='word_1_122' title='bbox 929 2051 1061 2124; x_wconf 87' lang='lat' dir='ltr'><strong>Christo</strong></span> <span class='ocrx_word' id='word_1_123' title='bbox 1081 2050 1153 2125; x_wconf 86' lang='lat' dir='ltr'><strong>filio</strong></span> <span class='ocrx_word' id='word_1_124' title='bbox 1166 2061 1282 2126; x_wconf 86' lang='lat' dir='ltr'><strong>nostro</strong></span> <span class='ocrx_word' id='word_1_125' title='bbox 1298 2051 1480 2127; x_wconf 81' lang='lat' dir='ltr'><strong>Frederioo</strong></span> <span class='ocrx_word' id='word_1_126' title='bbox 1493 2053 1616 2125; x_wconf 86' lang='lat' dir='ltr'><strong>illustri</strong></span> <span class='ocrx_word' id='word_1_127' title='bbox 1632 2054 1706 2144; x_wconf 77' lang='lat' dir='ltr'><strong>regi</strong></span> <span class='ocrx_word' id='word_1_128' title='bbox 1723 2054 1838 2127; x_wconf 91' lang='lat' dir='ltr'><strong>Sicilie</strong></span> <span class='ocrx_word' id='word_1_129' title='bbox 1855 2054 1957 2128; x_wconf 93' lang='lat' dir='ltr'><strong>inno·</strong></span> 
     </span>
     <span class='ocr_line' id='line_1_14' title="bbox 546 2174 1958 2273; baseline 0.001 -23"><span class='ocrx_word' id='word_1_130' title='bbox 546 2177 623 2250; x_wconf 87' lang='lat' dir='ltr'><strong>vari</strong></span> <span class='ocrx_word' id='word_1_131' title='bbox 641 2174 840 2249; x_wconf 87' lang='lat' dir='ltr'><strong>fidelitatem</strong></span> <span class='ocrx_word' id='word_1_132' title='bbox 857 2185 892 2248; x_wconf 91' lang='lat' dir='ltr'><strong>et</strong></span> <span class='ocrx_word' id='word_1_133' title='bbox 906 2197 970 2250; x_wconf 90' lang='lat' dir='ltr'><strong>nce</strong></span> <span class='ocrx_word' id='word_1_134' title='bbox 988 2198 1094 2272; x_wconf 91' lang='lat' dir='ltr'><strong>super</strong></span> <span class='ocrx_word' id='word_1_135' title='bbox 1109 2177 1215 2250; x_wconf 89' lang='lat' dir='ltr'><strong>tutela</strong></span> <span class='ocrx_word' id='word_1_136' title='bbox 1234 2177 1344 2272; x_wconf 90' lang='lat' dir='ltr'><strong>ipsius</strong></span> <span class='ocrx_word' id='word_1_137' title='bbox 1361 2186 1398 2250; x_wconf 92' lang='lat' dir='ltr'><strong>et</strong></span> <span class='ocrx_word' id='word_1_138' title='bbox 1414 2177 1513 2270; x_wconf 80' lang='lat' dir='ltr'><strong>regni</strong></span> <span class='ocrx_word' id='word_1_139' title='bbox 1530 2177 1623 2250; x_wconf 85' lang='lat' dir='ltr'><strong>balio</strong></span> <span class='ocrx_word' id='word_1_140' title='bbox 1640 2199 1703 2273; x_wconf 88' lang='lat' dir='ltr'><strong>per</strong></span> <span class='ocrx_word' id='word_1_141' title='bbox 1718 2199 1839 2252; x_wconf 87' lang='lat' dir='ltr'><strong>eorum</strong></span> <span class='ocrx_word' id='word_1_142' title='bbox 1857 2177 1958 2252; x_wconf 90' lang='lat' dir='ltr'><strong>reddi</strong></span> 
     </span>
     <span class='ocr_line' id='line_1_15' title="bbox 543 2301 1958 2398; baseline -0.001 -22"><span class='ocrx_word' id='word_1_143' title='bbox 543 2303 737 2398; x_wconf 85' lang='lat' dir='ltr'><strong>juramenta</strong></span> <span class='ocrx_word' id='word_1_144' title='bbox 755 2323 906 2376; x_wconf 72' lang='lat' dir='ltr'><strong>securoe.</strong></span> <span class='ocrx_word' id='word_1_145' title='bbox 927 2303 1021 2376; x_wconf 87' lang='lat' dir='ltr'><strong>Licet</strong></span> <span class='ocrx_word' id='word_1_146' title='bbox 1038 2309 1155 2376; x_wconf 68' lang='lat' dir='ltr'><strong>eumm</strong></span> <span class='ocrx_word' id='word_1_147' title='bbox 1181 2301 1282 2375; x_wconf 85' lang='lat' dir='ltr'><strong>vobis</strong></span> <span class='ocrx_word' id='word_1_148' title='bbox 1306 2323 1369 2398; x_wconf 93' lang='lat' dir='ltr'><strong>per</strong></span> <span class='ocrx_word' id='word_1_149' title='bbox 1393 2302 1522 2376; x_wconf 88' lang='lat' dir='ltr'><strong>litteras</strong></span> <span class='ocrx_word' id='word_1_150' title='bbox 1543 2311 1678 2376; x_wconf 85' lang='lat' dir='ltr'><strong>nostras</strong></span> <span class='ocrx_word' id='word_1_151' title='bbox 1698 2302 1898 2377; x_wconf 88' lang='lat' dir='ltr'><strong>dederimus</strong></span> <span class='ocrx_word' id='word_1_152' title='bbox 1921 2304 1958 2376; x_wconf 93' lang='lat' dir='ltr'><strong>in</strong></span> 
     </span>
     <span class='ocr_line' id='line_1_16' title="bbox 548 2425 1958 2521; baseline 0.001 -23"><span class='ocrx_word' id='word_1_153' title='bbox 548 2425 721 2500; x_wconf 85' lang='lat' dir='ltr'><strong>mandatis</strong></span> <span class='ocrx_word' id='word_1_154' title='bbox 743 2435 782 2498; x_wconf 92' lang='lat' dir='ltr'><strong>ut</strong></span> <span class='ocrx_word' id='word_1_155' title='bbox 807 2427 843 2498; x_wconf 93' lang='lat' dir='ltr'><strong>in</strong></span> <span class='ocrx_word' id='word_1_156' title='bbox 866 2425 1023 2500; x_wconf 87' lang='lat' dir='ltr'><strong>custodia</strong></span> <span class='ocrx_word' id='word_1_157' title='bbox 1048 2427 1140 2518; x_wconf 82' lang='lat' dir='ltr'><strong>regis</strong></span> <span class='ocrx_word' id='word_1_158' title='bbox 1163 2435 1198 2500; x_wconf 92' lang='lat' dir='ltr'><strong>et</strong></span> <span class='ocrx_word' id='word_1_159' title='bbox 1220 2447 1304 2500; x_wconf 87' lang='lat' dir='ltr'><strong>curu</strong></span> <span class='ocrx_word' id='word_1_160' title='bbox 1331 2426 1429 2520; x_wconf 80' lang='lat' dir='ltr'><strong>regni</strong></span> <span class='ocrx_word' id='word_1_161' title='bbox 1447 2447 1559 2521; x_wconf 88' lang='lat' dir='ltr'><strong>usque</strong></span> <span class='ocrx_word' id='word_1_162' title='bbox 1575 2425 1622 2501; x_wconf 90' lang='lat' dir='ltr'><strong>ad</strong></span> <span class='ocrx_word' id='word_1_163' title='bbox 1643 2426 1833 2500; x_wconf 86' lang='lat' dir='ltr'><strong>adventum</strong></span> <span class='ocrx_word' id='word_1_164' title='bbox 1854 2425 1958 2521; x_wconf 78' lang='lat' dir='ltr'><strong>legati</strong></span> 
     </span>
     <span class='ocr_line' id='line_1_17' title="bbox 548 2550 1957 2646; baseline -0.001 -22"><span class='ocrx_word' id='word_1_165' title='bbox 548 2551 778 2646; x_wconf 79' lang='lat' dir='ltr'><strong>fungeremini</strong></span> <span class='ocrx_word' id='word_1_166' title='bbox 796 2551 874 2624; x_wconf 82' lang='lat' dir='ltr'><strong>vice</strong></span> <span class='ocrx_word' id='word_1_167' title='bbox 894 2559 1028 2642; x_wconf 86' lang='lat' dir='ltr'><strong>nostra,</strong></span> <span class='ocrx_word' id='word_1_168' title='bbox 1050 2560 1091 2622; x_wconf 91' lang='lat' dir='ltr'><strong>ut</strong></span> <span class='ocrx_word' id='word_1_169' title='bbox 1107 2551 1231 2624; x_wconf 89' lang='lat' dir='ltr'><strong>melius</strong></span> <span class='ocrx_word' id='word_1_170' title='bbox 1248 2559 1364 2624; x_wconf 86' lang='lat' dir='ltr'><strong>tamen</strong></span> <span class='ocrx_word' id='word_1_171' title='bbox 1385 2550 1486 2624; x_wconf 88' lang='lat' dir='ltr'><strong>vobis</strong></span> <span class='ocrx_word' id='word_1_172' title='bbox 1506 2551 1657 2645; x_wconf 76' lang='lat' dir='ltr'><strong>benigue</strong></span> <span class='ocrx_word' id='word_1_173' title='bbox 1676 2551 1820 2626; x_wconf 90' lang='lat' dir='ltr'><strong>intentio</strong></span> <span class='ocrx_word' id='word_1_174' title='bbox 1841 2561 1957 2624; x_wconf 87' lang='lat' dir='ltr'><strong>nostra</strong></span> 
     </span>
     <span class='ocr_line' id='line_1_18' title="bbox 546 2675 1958 2774; baseline -0.001 -24"><span class='ocrx_word' id='word_1_175' title='bbox 546 2686 690 2774; x_wconf 88' lang='lat' dir='ltr'><strong>pateret,</strong></span> <span class='ocrx_word' id='word_1_176' title='bbox 711 2675 876 2750; x_wconf 90' lang='lat' dir='ltr'><strong>dilectum</strong></span> <span class='ocrx_word' id='word_1_177' title='bbox 893 2675 1001 2748; x_wconf 88' lang='lat' dir='ltr'><strong>fllium</strong></span> <span class='ocrx_word' id='word_1_178' title='bbox 1015 2675 1056 2747; x_wconf 87' lang='lat' dir='ltr'><strong>G.</strong></span> <span class='ocrx_word' id='word_1_179' title='bbox 1074 2678 1198 2748; x_wconf 89' lang='lat' dir='ltr'><strong>Sancte</strong></span> <span class='ocrx_word' id='word_1_180' title='bbox 1215 2677 1321 2750; x_wconf 82' lang='lat' dir='ltr'><strong>biurio</strong></span> <span class='ocrx_word' id='word_1_181' title='bbox 1337 2676 1373 2747; x_wconf 96' lang='lat' dir='ltr'><strong>in</strong></span> <span class='ocrx_word' id='word_1_182' title='bbox 1393 2676 1529 2749; x_wconf 90' lang='lat' dir='ltr'><strong>Porticu</strong></span> <span class='ocrx_word' id='word_1_183' title='bbox 1546 2675 1732 2751; x_wconf 83' lang='lat' dir='ltr'><strong>diaconum</strong></span> <span class='ocrx_word' id='word_1_184' title='bbox 1749 2676 1958 2750; x_wconf 87' lang='lat' dir='ltr'><strong>cardinalem</strong></span> 
     </span>
     <span class='ocr_line' id='line_1_19' title="bbox 545 2798 1959 2897; baseline 0.001 -23"><span class='ocrx_word' id='word_1_185' title='bbox 545 2800 741 2897; x_wconf 83' lang='lat' dir='ltr'><strong>Apostolice</strong></span> <span class='ocrx_word' id='word_1_186' title='bbox 757 2800 857 2875; x_wconf 83' lang='lat' dir='ltr'><strong>Sedis</strong></span> <span class='ocrx_word' id='word_1_187' title='bbox 874 2801 1027 2895; x_wconf 75' lang='lat' dir='ltr'><strong>legatum</strong></span> <span class='ocrx_word' id='word_1_188' title='bbox 1045 2800 1082 2872; x_wconf 93' lang='lat' dir='ltr'><strong>in</strong></span> <span class='ocrx_word' id='word_1_189' title='bbox 1098 2800 1251 2874; x_wconf 87' lang='lat' dir='ltr'><strong>Siciliam</strong></span> <span class='ocrx_word' id='word_1_190' title='bbox 1267 2799 1437 2874; x_wconf 88' lang='lat' dir='ltr'><strong>duximus</strong></span> <span class='ocrx_word' id='word_1_191' title='bbox 1450 2798 1709 2893; x_wconf 84' lang='lat' dir='ltr'><strong>destinandum,</strong></span> <span class='ocrx_word' id='word_1_192' title='bbox 1723 2801 1785 2895; x_wconf 92' lang='lat' dir='ltr'><strong>qui</strong></span> <span class='ocrx_word' id='word_1_193' title='bbox 1799 2801 1891 2872; x_wconf 89' lang='lat' dir='ltr'><strong>sicut</strong></span> <span class='ocrx_word' id='word_1_194' title='bbox 1904 2801 1959 2875; x_wconf 84' lang='lat' dir='ltr'><strong>vir</strong></span> 
     </span>
     <span class='ocr_line' id='line_1_20' title="bbox 546 2925 1958 3022; baseline 0.001 -25"><span class='ocrx_word' id='word_1_195' title='bbox 546 2926 716 3022; x_wconf 87' lang='lat' dir='ltr'><strong>providus</strong></span> <span class='ocrx_word' id='word_1_196' title='bbox 734 2937 770 2998; x_wconf 90' lang='lat' dir='ltr'><strong>et</strong></span> <span class='ocrx_word' id='word_1_197' title='bbox 786 2925 955 3000; x_wconf 89' lang='lat' dir='ltr'><strong>discretus</strong></span> <span class='ocrx_word' id='word_1_198' title='bbox 970 2926 1066 3000; x_wconf 85' lang='lat' dir='ltr'><strong>vices</strong></span> <span class='ocrx_word' id='word_1_199' title='bbox 1082 2933 1216 2998; x_wconf 90' lang='lat' dir='ltr'><strong>nostrus</strong></span> <span class='ocrx_word' id='word_1_200' title='bbox 1232 2934 1394 3000; x_wconf 84' lang='lat' dir='ltr'><strong>exerceat</strong></span> <span class='ocrx_word' id='word_1_201' title='bbox 1406 2926 1442 2998; x_wconf 95' lang='lat' dir='ltr'><strong>in</strong></span> <span class='ocrx_word' id='word_1_202' title='bbox 1457 2935 1615 3022; x_wconf 85' lang='lat' dir='ltr'><strong>nbuqne.</strong></span> <span class='ocrx_word' id='word_1_203' title='bbox 1637 2925 1722 2998; x_wconf 90' lang='lat' dir='ltr'><strong>Cum</strong></span> <span class='ocrx_word' id='word_1_204' title='bbox 1739 2926 1846 3019; x_wconf 78' lang='lat' dir='ltr'><strong>igitur</strong></span> <span class='ocrx_word' id='word_1_205' title='bbox 1861 2927 1958 3022; x_wconf 94' lang='lat' dir='ltr'><strong>pium</strong></span> 
     </span>
     <span class='ocr_line' id='line_1_21' title="bbox 547 3047 1960 3146; baseline 0 -24"><span class='ocrx_word' id='word_1_206' title='bbox 547 3051 674 3123; x_wconf 89' lang='lat' dir='ltr'><strong>mentis</strong></span> <span class='ocrx_word' id='word_1_207' title='bbox 690 3061 806 3124; x_wconf 89' lang='lat' dir='ltr'><strong>nostre</strong></span> <span class='ocrx_word' id='word_1_208' title='bbox 825 3050 1039 3146; x_wconf 90' lang='lat' dir='ltr'><strong>propositum</strong></span> <span class='ocrx_word' id='word_1_209' title='bbox 1056 3047 1153 3146; x_wconf 91' lang='lat' dir='ltr'><strong>quod</strong></span> <span class='ocrx_word' id='word_1_210' title='bbox 1171 3050 1262 3122; x_wconf 85' lang='lat' dir='ltr'><strong>cirea</strong></span> <span class='ocrx_word' id='word_1_211' title='bbox 1282 3051 1423 3124; x_wconf 86' lang='lat' dir='ltr'><strong>tutelam</strong></span> <span class='ocrx_word' id='word_1_212' title='bbox 1440 3050 1532 3145; x_wconf 79' lang='lat' dir='ltr'><strong>regis</strong></span> <span class='ocrx_word' id='word_1_213' title='bbox 1549 3059 1585 3122; x_wconf 92' lang='lat' dir='ltr'><strong>et</strong></span> <span class='ocrx_word' id='word_1_214' title='bbox 1599 3050 1697 3143; x_wconf 78' lang='lat' dir='ltr'><strong>regni</strong></span> <span class='ocrx_word' id='word_1_215' title='bbox 1718 3051 1870 3144; x_wconf 89' lang='lat' dir='ltr'><strong>quietem</strong></span> <span class='ocrx_word' id='word_1_216' title='bbox 1894 3071 1960 3146; x_wconf 77' lang='lat' dir='ltr'><strong>ge-</strong></span> 
     </span>
     <span class='ocr_line' id='line_1_22' title="bbox 549 3173 1960 3271; baseline 0.001 -24"><span class='ocrx_word' id='word_1_217' title='bbox 549 3175 658 3247; x_wconf 88' lang='lat' dir='ltr'><strong>rimus</strong></span> <span class='ocrx_word' id='word_1_218' title='bbox 672 3195 733 3270; x_wconf 91' lang='lat' dir='ltr'><strong>per</strong></span> <span class='ocrx_word' id='word_1_219' title='bbox 747 3195 812 3248; x_wconf 87' lang='lat' dir='ltr'><strong>vos</strong></span> <span class='ocrx_word' id='word_1_220' title='bbox 823 3195 891 3247; x_wconf 92' lang='lat' dir='ltr'><strong>non</strong></span> <span class='ocrx_word' id='word_1_221' title='bbox 903 3173 1029 3248; x_wconf 86' lang='lat' dir='ltr'><strong>debeet</strong></span> <span class='ocrx_word' id='word_1_222' title='bbox 1039 3174 1219 3264; x_wconf 84' lang='lat' dir='ltr'><strong>retardari,</strong></span> <span class='ocrx_word' id='word_1_223' title='bbox 1234 3182 1269 3247; x_wconf 92' lang='lat' dir='ltr'><strong>et</strong></span> <span class='ocrx_word' id='word_1_224' title='bbox 1281 3173 1438 3271; x_wconf 92' lang='lat' dir='ltr'><strong>predicta</strong></span> <span class='ocrx_word' id='word_1_225' title='bbox 1451 3173 1654 3269; x_wconf 84' lang='lat' dir='ltr'><strong>imperatrix</strong></span> <span class='ocrx_word' id='word_1_226' title='bbox 1668 3173 1716 3248; x_wconf 86' lang='lat' dir='ltr'><strong>ed</strong></span> <span class='ocrx_word' id='word_1_227' title='bbox 1729 3175 1960 3248; x_wconf 87' lang='lat' dir='ltr'><strong>resistendum</strong></span> 
     </span>
     <span class='ocr_line' id='line_1_23' title="bbox 549 3297 1959 3394; baseline 0.001 -23"><span class='ocrx_word' id='word_1_228' title='bbox 549 3299 784 3372; x_wconf 85' lang='lat' dir='ltr'><strong>turbatoribus</strong></span> <span class='ocrx_word' id='word_1_229' title='bbox 804 3298 902 3392; x_wconf 79' lang='lat' dir='ltr'><strong>regni</strong></span> <span class='ocrx_word' id='word_1_230' title='bbox 926 3298 971 3372; x_wconf 95' lang='lat' dir='ltr'><strong>de</strong></span> <span class='ocrx_word' id='word_1_231' title='bbox 992 3297 1154 3370; x_wconf 88' lang='lat' dir='ltr'><strong>thesauro</strong></span> <span class='ocrx_word' id='word_1_232' title='bbox 1180 3297 1272 3391; x_wconf 78' lang='lat' dir='ltr'><strong>regis</strong></span> <span class='ocrx_word' id='word_1_233' title='bbox 1296 3307 1331 3371; x_wconf 91' lang='lat' dir='ltr'><strong>et</strong></span> <span class='ocrx_word' id='word_1_234' title='bbox 1356 3298 1455 3393; x_wconf 78' lang='lat' dir='ltr'><strong>regni</strong></span> <span class='ocrx_word' id='word_1_235' title='bbox 1481 3297 1708 3394; x_wconf 87' lang='lat' dir='ltr'><strong>proventibus</strong></span> <span class='ocrx_word' id='word_1_236' title='bbox 1732 3299 1959 3372; x_wconf 87' lang='lat' dir='ltr'><strong>sufficientem</strong></span> 
     </span>
     <span class='ocr_line' id='line_1_24' title="bbox 549 3420 1960 3519; baseline 0 -23"><span class='ocrx_word' id='word_1_237' title='bbox 549 3425 652 3498; x_wconf 92' lang='lat' dir='ltr'><strong>nobis</strong></span> <span class='ocrx_word' id='word_1_238' title='bbox 669 3423 887 3498; x_wconf 88' lang='lat' dir='ltr'><strong>mandaverit</strong></span> <span class='ocrx_word' id='word_1_239' title='bbox 903 3422 1088 3519; x_wconf 88' lang='lat' dir='ltr'><strong>pecuniam</strong></span> <span class='ocrx_word' id='word_1_240' title='bbox 1106 3421 1305 3515; x_wconf 86' lang='lat' dir='ltr'><strong>ministrari,</strong></span> <span class='ocrx_word' id='word_1_241' title='bbox 1329 3431 1365 3495; x_wconf 90' lang='lat' dir='ltr'><strong>et</strong></span> <span class='ocrx_word' id='word_1_242' title='bbox 1378 3423 1481 3516; x_wconf 84' lang='lat' dir='ltr'><strong>juxta</strong></span> <span class='ocrx_word' id='word_1_243' title='bbox 1494 3420 1591 3517; x_wconf 90' lang='lat' dir='ltr'><strong>quod</strong></span> <span class='ocrx_word' id='word_1_244' title='bbox 1614 3443 1661 3496; x_wconf 84' lang='lat' dir='ltr'><strong>ex</strong></span> <span class='ocrx_word' id='word_1_245' title='bbox 1683 3423 1847 3496; x_wconf 89' lang='lat' dir='ltr'><strong>relatione</strong></span> <span class='ocrx_word' id='word_1_246' title='bbox 1869 3445 1960 3496; x_wconf 94' lang='lat' dir='ltr'><strong>nun·</strong></span> 
     </span>
     <span class='ocr_line' id='line_1_25' title="bbox 553 3546 1961 3643; baseline 0.001 -23"><span class='ocrx_word' id='word_1_247' title='bbox 553 3549 680 3622; x_wconf 88' lang='lat' dir='ltr'><strong>tiorum</strong></span> <span class='ocrx_word' id='word_1_248' title='bbox 695 3559 890 3622; x_wconf 84' lang='lat' dir='ltr'><strong>vestrorum</strong></span> <span class='ocrx_word' id='word_1_249' title='bbox 906 3547 1118 3643; x_wconf 83' lang='lat' dir='ltr'><strong>accepimns,</strong></span> <span class='ocrx_word' id='word_1_250' title='bbox 1136 3567 1200 3620; x_wconf 85' lang='lat' dir='ltr'><strong>vos</strong></span> <span class='ocrx_word' id='word_1_251' title='bbox 1218 3546 1256 3620; x_wconf 90' lang='lat' dir='ltr'><strong>id</strong></span> <span class='ocrx_word' id='word_1_252' title='bbox 1271 3547 1380 3643; x_wconf 89' lang='lat' dir='ltr'><strong>parati</strong></span> <span class='ocrx_word' id='word_1_253' title='bbox 1398 3548 1474 3619; x_wconf 88' lang='lat' dir='ltr'><strong>sitis</strong></span> <span class='ocrx_word' id='word_1_254' title='bbox 1487 3547 1643 3642; x_wconf 92' lang='lat' dir='ltr'><strong>implere,</strong></span> <span class='ocrx_word' id='word_1_255' title='bbox 1671 3569 1751 3620; x_wconf 91' lang='lat' dir='ltr'><strong>cum</strong></span> <span class='ocrx_word' id='word_1_256' title='bbox 1769 3549 1894 3622; x_wconf 90' lang='lat' dir='ltr'><strong>melius</strong></span> <span class='ocrx_word' id='word_1_257' title='bbox 1916 3549 1961 3622; x_wconf 89' lang='lat' dir='ltr'><strong>sit</strong></span> 
     </span>
     <span class='ocr_line' id='line_1_26' title="bbox 550 3669 1961 3767; baseline -0.002 -21"><span class='ocrx_word' id='word_1_258' title='bbox 550 3672 654 3746; x_wconf 91' lang='lat' dir='ltr'><strong>simul</strong></span> <span class='ocrx_word' id='word_1_259' title='bbox 672 3682 707 3746; x_wconf 92' lang='lat' dir='ltr'><strong>et</strong></span> <span class='ocrx_word' id='word_1_260' title='bbox 723 3674 828 3746; x_wconf 91' lang='lat' dir='ltr'><strong>semel</strong></span> <span class='ocrx_word' id='word_1_261' title='bbox 846 3671 1045 3767; x_wconf 82' lang='lat' dir='ltr'><strong>expendere</strong></span> <span class='ocrx_word' id='word_1_262' title='bbox 1062 3693 1168 3764; x_wconf 88' lang='lat' dir='ltr'><strong>quam</strong></span> <span class='ocrx_word' id='word_1_263' title='bbox 1187 3691 1359 3766; x_wconf 82' lang='lat' dir='ltr'><strong>expensas</strong></span> <span class='ocrx_word' id='word_1_264' title='bbox 1371 3669 1528 3742; x_wconf 82' lang='lat' dir='ltr'><strong>amittere</strong></span> <span class='ocrx_word' id='word_1_265' title='bbox 1542 3670 1769 3762; x_wconf 85' lang='lat' dir='ltr'><strong>successivas,</strong></span> <span class='ocrx_word' id='word_1_266' title='bbox 1790 3679 1830 3745; x_wconf 92' lang='lat' dir='ltr'><strong>ut</strong></span> <span class='ocrx_word' id='word_1_267' title='bbox 1846 3693 1910 3745; x_wconf 84' lang='lat' dir='ltr'><strong>rex</strong></span> <span class='ocrx_word' id='word_1_268' title='bbox 1925 3680 1961 3745; x_wconf 91' lang='lat' dir='ltr'><strong>et</strong></span> 
     </span>
     <span class='ocr_line' id='line_1_27' title="bbox 549 3794 1959 3890; baseline 0 -21"><span class='ocrx_word' id='word_1_269' title='bbox 549 3817 696 3890; x_wconf 81' lang='lat' dir='ltr'><strong>regnum</strong></span> <span class='ocrx_word' id='word_1_270' title='bbox 714 3797 760 3869; x_wconf 89' lang='lat' dir='ltr'><strong>ab</strong></span> <span class='ocrx_word' id='word_1_271' title='bbox 781 3799 857 3890; x_wconf 88' lang='lat' dir='ltr'><strong>ejus</strong></span> <span class='ocrx_word' id='word_1_272' title='bbox 877 3795 1108 3868; x_wconf 80' lang='lat' dir='ltr'><strong>defendantur</strong></span> <span class='ocrx_word' id='word_1_273' title='bbox 1132 3796 1274 3867; x_wconf 87' lang='lat' dir='ltr'><strong>incursu</strong></span> <span class='ocrx_word' id='word_1_274' title='bbox 1290 3794 1352 3888; x_wconf 91' lang='lat' dir='ltr'><strong>qui</strong></span> <span class='ocrx_word' id='word_1_275' title='bbox 1376 3816 1445 3867; x_wconf 92' lang='lat' dir='ltr'><strong>non</strong></span> <span class='ocrx_word' id='word_1_276' title='bbox 1462 3795 1574 3866; x_wconf 88' lang='lat' dir='ltr'><strong>solnm</strong></span> <span class='ocrx_word' id='word_1_277' title='bbox 1591 3815 1709 3866; x_wconf 93' lang='lat' dir='ltr'><strong>rerum</strong></span> <span class='ocrx_word' id='word_1_278' title='bbox 1730 3805 1766 3868; x_wconf 91' lang='lat' dir='ltr'><strong>et</strong></span> <span class='ocrx_word' id='word_1_279' title='bbox 1789 3795 1959 3869; x_wconf 89' lang='lat' dir='ltr'><strong>bonorum</strong></span> 
     </span>
     <span class='ocr_line' id='line_1_28' title="bbox 548 3917 1959 4016; baseline 0 -22"><span class='ocrx_word' id='word_1_280' title='bbox 548 3921 747 4014; x_wconf 84' lang='lat' dir='ltr'><strong>excidium,</strong></span> <span class='ocrx_word' id='word_1_281' title='bbox 767 3921 1007 3994; x_wconf 84' lang='lat' dir='ltr'><strong>verumetiam</strong></span> <span class='ocrx_word' id='word_1_282' title='bbox 1028 3941 1252 4016; x_wconf 81' lang='lat' dir='ltr'><strong>personarum</strong></span> <span class='ocrx_word' id='word_1_283' title='bbox 1277 3919 1469 4015; x_wconf 90' lang='lat' dir='ltr'><strong>periculum</strong></span> <span class='ocrx_word' id='word_1_284' title='bbox 1489 3917 1694 4012; x_wconf 87' lang='lat' dir='ltr'><strong>meditatur,</strong></span> <span class='ocrx_word' id='word_1_285' title='bbox 1713 3921 1959 3995; x_wconf 84' lang='lat' dir='ltr'><strong>iraternitatem</strong></span> 
     </span>
     <span class='ocr_line' id='line_1_29' title="bbox 548 4043 1962 4142; baseline 0 -24"><span class='ocrx_word' id='word_1_286' title='bbox 548 4055 698 4120; x_wconf 87' lang='lat' dir='ltr'><strong>vestram</strong></span> <span class='ocrx_word' id='word_1_287' title='bbox 716 4067 892 4140; x_wconf 78' lang='lat' dir='ltr'><strong>rogamus,</strong></span> <span class='ocrx_word' id='word_1_288' title='bbox 913 4067 1094 4119; x_wconf 90' lang='lat' dir='ltr'><strong>monemus</strong></span> <span class='ocrx_word' id='word_1_289' title='bbox 1108 4056 1143 4118; x_wconf 94' lang='lat' dir='ltr'><strong>et</strong></span> <span class='ocrx_word' id='word_1_290' title='bbox 1160 4065 1223 4142; x_wconf 93' lang='lat' dir='ltr'><strong>per</strong></span> <span class='ocrx_word' id='word_1_291' title='bbox 1241 4044 1428 4142; x_wconf 82' lang='lat' dir='ltr'><strong>apostolica</strong></span> <span class='ocrx_word' id='word_1_292' title='bbox 1443 4043 1546 4117; x_wconf 87' lang='lat' dir='ltr'><strong>vobis</strong></span> <span class='ocrx_word' id='word_1_293' title='bbox 1561 4044 1690 4140; x_wconf 89' lang='lat' dir='ltr'><strong>scripta</strong></span> <span class='ocrx_word' id='word_1_294' title='bbox 1703 4044 1911 4119; x_wconf 82' lang='lat' dir='ltr'><strong>mandamus</strong></span> <span class='ocrx_word' id='word_1_295' title='bbox 1926 4055 1962 4120; x_wconf 91' lang='lat' dir='ltr'><strong>et</strong></span> 
     </span>
    </p>
   </div>
   <div class='ocr_carea' id='block_1_3' title="bbox 546 4407 1962 4782">
    <p class='ocr_par' dir='ltr' id='par_1_3' title="bbox 546 4407 1962 4782">
     <span class='ocr_line' id='line_1_30' title="bbox 584 4407 1961 4489; baseline -0.003 -19"><span class='ocrx_word' id='word_1_296' title='bbox 584 4413 619 4489; x_wconf 81' lang='lat' dir='ltr'><strong>(l)</strong></span> <span class='ocrx_word' id='word_1_297' title='bbox 637 4415 795 4488; x_wconf 82' lang='lat' dir='ltr'><strong>intorques</strong></span> <span class='ocrx_word' id='word_1_298' title='bbox 814 4413 849 4471; x_wconf 87' lang='lat' dir='ltr'><strong>ad</strong></span> <span class='ocrx_word' id='word_1_299' title='bbox 866 4413 896 4472; x_wconf 80' lang='grc' dir='ltr'><strong>Ρ.</strong></span> <span class='ocrx_word' id='word_1_300' title='bbox 912 4411 1087 4472; x_wconf 78' lang='lat' dir='ltr'><strong>celanensem</strong></span> <span class='ocrx_word' id='word_1_301' title='bbox 1101 4417 1130 4469; x_wconf 90' lang='lat' dir='ltr'><strong>et</strong></span> <span class='ocrx_word' id='word_1_302' title='bbox 1147 4411 1179 4470; x_wconf 88' lang='lat' dir='ltr'><strong>lt.</strong></span> <span class='ocrx_word' id='word_1_303' title='bbox 1197 4409 1358 4470; x_wconf 80' lang='lat' dir='ltr'><strong>lbeatinnm</strong></span> <span class='ocrx_word' id='word_1_304' title='bbox 1379 4409 1502 4468; x_wconf 89' lang='lat' dir='ltr'><strong>comites.</strong></span> <span class='ocrx_word' id='word_1_305' title='bbox 1514 4407 1575 4467; x_wconf 87' lang='lat' dir='ltr'><strong>llid.</strong></span> <span class='ocrx_word' id='word_1_306' title='bbox 1590 4408 1698 4483; x_wconf 89' lang='lat' dir='ltr'><strong>epistol.</strong></span> <span class='ocrx_word' id='word_1_307' title='bbox 1711 4411 1774 4466; x_wconf 80' lang='lat' dir='ltr'><strong>ees.</strong></span> <span class='ocrx_word' id='word_1_308' title='bbox 1787 4407 1884 4466; x_wconf 60' lang='lat' dir='ltr'><strong>&amp;mes</strong></span> <span class='ocrx_word' id='word_1_309' title='bbox 1895 4423 1961 4468; x_wconf 80' lang='lat' dir='ltr'><strong>vero</strong></span> 
     </span>
     <span class='ocr_line' id='line_1_31' title="bbox 546 4504 1962 4585; baseline -0.004 -15"><span class='ocrx_word' id='word_1_310' title='bbox 546 4511 713 4585; x_wconf 82' lang='lat' dir='ltr'><strong>Celauensis,</strong></span> <span class='ocrx_word' id='word_1_311' title='bbox 727 4512 877 4572; x_wconf 75' lang='lat' dir='ltr'><strong>cancellarii</strong></span> <span class='ocrx_word' id='word_1_312' title='bbox 894 4512 1029 4582; x_wconf 85' lang='lat' dir='ltr'><strong>sororius,</strong></span> <span class='ocrx_word' id='word_1_313' title='bbox 1049 4525 1146 4568; x_wconf 86' lang='lat' dir='ltr'><strong>aurum</strong></span> <span class='ocrx_word' id='word_1_314' title='bbox 1165 4509 1268 4584; x_wconf 85' lang='lat' dir='ltr'><strong>recepit</strong></span> <span class='ocrx_word' id='word_1_315' title='bbox 1285 4514 1314 4565; x_wconf 93' lang='lat' dir='ltr'><strong>et</strong></span> <span class='ocrx_word' id='word_1_316' title='bbox 1331 4507 1388 4566; x_wconf 86' lang='lat' dir='ltr'><strong>suis</strong></span> <span class='ocrx_word' id='word_1_317' title='bbox 1408 4506 1538 4564; x_wconf 85' lang='lat' dir='ltr'><strong>militibus</strong></span> <span class='ocrx_word' id='word_1_318' title='bbox 1555 4505 1707 4578; x_wconf 77' lang='lat' dir='ltr'><strong>distribuit,</strong></span> <span class='ocrx_word' id='word_1_319' title='bbox 1721 4506 1857 4582; x_wconf 85' lang='lat' dir='ltr'><strong>propriam</strong></span> <span class='ocrx_word' id='word_1_320' title='bbox 1877 4504 1962 4579; x_wconf 73' lang='lat' dir='ltr'><strong>mugio</strong></span> 
     </span>
     <span class='ocr_line' id='line_1_32' title="bbox 546 4600 1961 4684; baseline -0.003 -20"><span class='ocrx_word' id='word_1_321' title='bbox 546 4609 688 4666; x_wconf 87' lang='lat' dir='ltr'><strong>utilitatem</strong></span> <span class='ocrx_word' id='word_1_322' title='bbox 703 4627 784 4684; x_wconf 63' lang='lat' dir='ltr'><strong>mam</strong></span> <span class='ocrx_word' id='word_1_323' title='bbox 801 4611 975 4670; x_wconf 89' lang='lat' dir='ltr'><strong>obsessorum</strong></span> <span class='ocrx_word' id='word_1_324' title='bbox 991 4607 1180 4666; x_wconf 88' lang='lat' dir='ltr'><strong>necessitatem</strong></span> <span class='ocrx_word' id='word_1_325' title='bbox 1196 4605 1345 4663; x_wconf 83' lang='lat' dir='ltr'><strong>attendens.</strong></span> <span class='ocrx_word' id='word_1_326' title='bbox 1359 4605 1428 4661; x_wconf 88' lang='lat' dir='ltr'><strong>Nam</strong></span> <span class='ocrx_word' id='word_1_327' title='bbox 1441 4604 1486 4660; x_wconf 86' lang='lat' dir='ltr'><strong>vix</strong></span> <span class='ocrx_word' id='word_1_328' title='bbox 1504 4603 1622 4660; x_wconf 84' lang='lat' dir='ltr'><strong>tamdem</strong></span> <span class='ocrx_word' id='word_1_329' title='bbox 1635 4601 1698 4660; x_wconf 88' lang='lat' dir='ltr'><strong>iecit</strong></span> <span class='ocrx_word' id='word_1_330' title='bbox 1713 4605 1874 4662; x_wconf 83' lang='lat' dir='ltr'><strong>inurentem</strong></span> <span class='ocrx_word' id='word_1_331' title='bbox 1888 4600 1961 4660; x_wconf 85' lang='lat' dir='ltr'><strong>Cusi-</strong></span> 
     </span>
     <span class='ocr_line' id='line_1_33' title="bbox 546 4701 1675 4782; baseline -0.002 -20"><span class='ocrx_word' id='word_1_332' title='bbox 546 4721 658 4764; x_wconf 84' lang='lat' dir='ltr'><strong>nensem</strong></span> <span class='ocrx_word' id='word_1_333' title='bbox 670 4707 772 4782; x_wconf 86' lang='lat' dir='ltr'><strong>aliquae</strong></span> <span class='ocrx_word' id='word_1_334' title='bbox 783 4724 903 4767; x_wconf 87' lang='lat' dir='ltr'><strong>summas</strong></span> <span class='ocrx_word' id='word_1_335' title='bbox 914 4707 1015 4766; x_wconf 80' lang='lat' dir='ltr'><strong>tarinae</strong></span> <span class='ocrx_word' id='word_1_336' title='bbox 1028 4704 1171 4765; x_wconf 91' lang='lat' dir='ltr'><strong>introduci.</strong></span> <span class='ocrx_word' id='word_1_337' title='bbox 1186 4703 1226 4762; x_wconf 85' lang='lat' dir='ltr'><strong>Ci.</strong></span> <span class='ocrx_word' id='word_1_338' title='bbox 1241 4703 1314 4763; x_wconf 77' lang='lat' dir='ltr'><strong>oet.</strong></span> <span class='ocrx_word' id='word_1_339' title='bbox 1329 4703 1421 4761; x_wconf 76' lang='lat' dir='ltr'><strong>Imac-</strong></span> <span class='ocrx_word' id='word_1_340' title='bbox 1431 4701 1487 4776; x_wconf 86' lang='grc'><strong><em>111,</em></strong></span> <span class='ocrx_word' id='word_1_341' title='bbox 1501 4716 1561 4775; x_wconf 90' lang='lat' dir='ltr'><strong>cap.</strong></span> <span class='ocrx_word' id='word_1_342' title='bbox 1573 4701 1675 4760; x_wconf 75' lang='lat' dir='ltr'><strong>Xlilll.</strong></span> 
     </span>
    </p>
   </div>
   <div class='ocr_carea' id='block_1_4' title="bbox 0 0 2226 5940">
    <p class='ocr_par' dir='ltr' id='par_1_4' title="bbox 0 0 2226 5940">
     <span class='ocr_line' id='line_1_34' title="bbox 0 0 2226 5940; baseline 0 0"><span class='ocrx_word' id='word_1_343' title='bbox 0 0 2226 5940; x_wconf 95' lang='lat' dir='ltr'><strong> </strong></span> 
     </span>
    </p>
   </div>
  </div>
 </body>
</html>
