4378 5954
561 579 619 640 112
1060 581 1273 645 salbssalcl
1299 583 1484 646 SECUNDI'
1779 585 1864 666 [llus.
1882 588 1968 652 ΗΜ.

557 717 614 790 Ad
631 717 737 810 hujus
752 724 869 790 autem
887 717 1116 792 concessionis
1133 727 1169 792 st
1184 718 1454 794 confirmationis
1467 728 1583 794 nostre
1598 721 1798 794 memoriam
1814 732 1850 796 et
1866 724 1971 798 robur

558 841 597 914 in
620 851 786 938 perpetuo
811 841 1015 936 valiturum,
1046 865 1188 938 presens
1211 843 1432 940 privilegium
1461 845 1566 918 scribi
1589 855 1624 918 et
1645 854 1760 918 nostre
1784 849 1970 939 majestatie

558 965 671 1060 sigillo
684 966 853 1058 jussimus
866 967 1084 1059 communiri,
1099 989 1202 1061 anno,
1220 989 1338 1042 meuse
1351 979 1386 1042 et
1403 969 1593 1043 indictione
1610 968 1827 1065 subscriptis.

608 1092 694 1163 Data
715 1090 751 1162 in
773 1090 864 1164 felici
882 1091 968 1164 urbe
985 1091 1162 1180 Panormi,
1180 1115 1272 1166 anuo
1286 1093 1460 1168 dominice
1473 1094 1715 1167 incarnationis
1719 1145 1965 1170 ........

561 1265 1074 1290 ................
1075 1217 1234 1312 cointe,
1261 1239 1380 1292 meuse
1405 1218 1576 1306 octobris,
1599 1227 1723 1292 octavo
1748 1217 1965 1313 indictionis,

556 1339 656 1434 regui
672 1361 756 1414 vero
770 1339 902 1414 domini
917 1343 1023 1415 nostri
1036 1343 1201 1418 Friderici
1214 1343 1278 1416 Dei
1291 1343 1401 1438 gratia
1415 1343 1558 1416 illustris
1571 1345 1664 1439 regie
1675 1343 1804 1437 Sicilie,
1821 1343 1968 1418 ducatus

556 1463 682 1560 Apulia
701 1475 736 1536 et
748 1465 963 1562 principatus
981 1467 1099 1563 Capua
1102 1517 1343 1542 ........
1362 1469 1486 1542 Amen.
1521 1489 1524 1498 ’

347 2141 384 2172 ..
411 2159 417 2172 ι
445 2087 525 2182 χῶ,
608 2050 849 2136 innocentius
867 2079 967 2164 papa
984 2053 1073 2136 duci
1090 2053 1317 2138 Brabantiac
1334 2054 1502 2138 scribens
1523 2065 1625 2140 vetat
1646 2082 1695 2139 ue
1720 2056 1967 2140 conventione

439 2194 452 2224 ⁰
499 2211 506 2226 ·
554 2211 643 2268 cum
670 2185 844 2295 Philippo
867 2187 966 2269 duce
994 2187 1151 2270 Sueviae
1178 2197 1357 2292 tractata,
1378 2187 1498 2270 filiam
1524 2189 1644 2298 ipsius
1670 2189 1699 2272 F
1700 2188 1859 2272 riderico
1885 2189 1966 2299 regi

554 2317 702 2402 Siciliae
719 2319 897 2428 copulare
914 2331 1151 2427 praesumat,
1173 2347 1262 2403 cum
1279 2319 1361 2430 jam
1379 2321 1478 2402 inter
1495 2319 1606 2402 illum
1624 2331 1661 2403 et
1679 2347 1848 2404 sororem
1865 2322 1965 2432 regis

554 2451 776 2562 Aragouum
804 2451 996 2560 sponsalia
1013 2453 1154 2535 fuerint
1171 2453 1378 2559 celebrata,
1397 2463 1435 2535 et
1451 2453 1607 2562 insuper
1624 2453 1744 2562 ipsius
1762 2453 1841 2536 filia
1858 2480 1966 2537 eum-

552 2585 641 2666 dem
658 2611 788 2694 regem
805 2585 907 2667 linea
924 2586 1264 2697 consanguinitatis
1282 2589 1457 2696 attingat.

636 2801 771 2881 (Edlder.
791 2801 927 2874 Bauuru,
942 2801 1037 2882 Epist.
1051 2800 1150 2861 locor.
1166 2801 1220 2878 111,
1235 2807 1260 2862 t.
1275 2801 1301 2874 1,
1315 2817 1347 2880 p.
1364 2809 1434 2876 tae,
1449 2807 1480 2863 et
1491 2801 1665 2874 Barnun..
1680 2797 1788 2862 asmat
1804 2797 1911 2875 ecte,
1926 2801 1966 2864 ad

673 2925 743 2972 uun.
757 2915 844 2981 lact,
855 2904 965 2986 §XL1,·
976 2925 1015 2968 ex
1028 2913 1135 2986 regest.
1151 2909 1268 2982 innoc,
1283 2907 1335 2968 lib.
1350 2908 1423 2982 vu,
1438 2917 1472 2968 u·
1486 2908 1645 2985 111.de
1659 2908 1698 2970 ad
1711 2925 1758 2970 res
1775 2913 1890 2970 nostras
1901 2923 1966 2986 per·

672 3018 766 3075 tinent
777 3014 827 3073 hle
839 3011 1045 3073 tautummodo
1057 3011 1253 3088 exhibemus.)

603 3199 836 3290 innocentius,
853 3207 942 3289 eto,
962 3197 1045 3272 duci
1064 3199 1267 3290 Bramme,
1291 3207 1346 3274 ete
1348 3249 1962 3274 ...................

601 3451 828 3522 Nuucautem
842 3445 939 3542 quod
954 3468 1060 3541 grave
1082 3446 1236 3540 gerimus
1257 3455 1292 3520 et
1310 3447 1473 3540 moleste,
1487 3447 1728 3521 occasionibus
1741 3445 1872 3519 frivolis
1893 3445 1965 3520 ad-

554 3572 726 3663 inventis,
747 3572 858 3667 ipeam
876 3569 1018 3670 [Ottoui]
1037 3571 1111 3666 regi
1131 3591 1258 3666 sponso
1275 3593 1339 3644 suo
1359 3572 1497 3645 undere
1516 3571 1685 3644 malitiose
1701 3592 1861 3658 recusae,
1883 3591 1965 3644 cnm

552 3698 750 3770 solemniter
766 3697 855 3769 iuter
869 3695 962 3792 ipsos
974 3696 1148 3791 sponsalia
1160 3697 1230 3768 sint
1241 3705 1414 3770 contracta
1427 3695 1552 3769 ethiue
1563 3695 1645 3770 inde
1655 3703 1724 3768 tam
1739 3681 1803 3792 per
1814 3705 1964 3790 tequam

551 3845 616 3919 per
633 3821 790 3895 homiues
808 3842 889 3895 suos
908 3819 1051 3916 prestito
1064 3821 1260 3913 juramento
1283 3820 1433 3911 firmata,
1452 3821 1607 3893 illicitum
1631 3820 1763 3893 habeus
1781 3829 1821 3891 ut
1838 3819 1965 3892 dicitur

552 3969 632 4020 cum
657 3945 764 4019 nobili
787 3947 864 4020 viro
887 3945 1046 4041 Philippo
1067 3945 1157 4020 duce
1179 3948 1307 4020 Suevie
1333 3935 1514 4020 caelatum
1538 3955 1577 4018 ut
1601 3967 1679 4018 eam
1701 3943 1901 4017 charissimo
1927 3945 1963 4016 in

551 4070 685 4144 Christo
710 4068 780 4142 lilio
805 4079 921 4142 nostro
944 4068 1117 4142 Friderico
1141 4070 1265 4142 illustri
1292 4071 1368 4164 regi
1391 4069 1507 4142 Sicilie
1533 4069 1649 4165 nepoti
1670 4089 1735 4142 suo
1761 4067 1904 4164 copules
1926 4069 1963 4139 iu

552 4217 717 4286 uxorem;
735 4193 832 4289 quod
850 4194 972 4290 utique
992 4203 1087 4267 tauto
1103 4195 1245 4288 gravius
1265 4203 1466 4291 reputamus
1486 4203 1617 4289 quanto
1639 4194 1750 4287 magis
1769 4215 1817 4265 ex
1841 4193 1909 4266 hoc
1929 4199 1965 4264 et

550 4319 666 4394 anime
684 4329 744 4392 tue
757 4319 949 4415 periculum
965 4328 1000 4392 et
1015 4321 1107 4391 lame
1122 4317 1344 4414 dispendium
1358 4318 1668 4416 pmcuratur.Com
1682 4317 1774 4390 enim
1789 4315 1964 4412 prodictus

551 4466 617 4517 rex
637 4443 751 4517 Sicilie
774 4465 924 4518 sororem
949 4443 1143 4516 charissimi
1166 4444 1202 4516 iu
1228 4443 1360 4518 ffiristo
1384 4444 1446 4516 lilii
1471 4443 1577 4518 nostri
1604 4442 1746 4515 illustris
1767 4441 1861 4536 rogis
1877 4441 1962 4515 Ara·

551 4589 682 4662 gouum
698 4591 911 4665 germanam,
929 4590 1077 4656 uxorem
1091 4568 1267 4664 quondam
1284 4567 1423 4644 illustris
1437 4569 1531 4663 regis
1546 4569 1709 4662 Ungarie,
1726 4567 1885 4662 accipere
1899 4565 1962 4640 de·

552 4693 633 4765 beat
648 4689 684 4798 iu
699 4715 858 4788 uxorem,
876 4693 980 4767 etiam
997 4693 1086 4767 inter
1104 4693 1198 4790 ipsos
1216 4715 1280 4791 per
1294 4691 1460 4768 dilectum
1477 4693 1588 4768 lilium
1601 4695 1643 4766 R.
1661 4691 1751 4764 tituli
1766 4703 1961 4780 sanctorum
