4334 5980
513 525 571 590 196
1015 526 1231 590 Futbbtttct
1257 531 1430 592 secutur
1737 529 1815 612 [Asu.
1834 529 1922 592 1211.

633 663 736 734 postea
750 663 879 734 tempore
890 656 971 718 Petri
985 657 1022 718 de
1030 659 1124 722 Vinea
1135 665 1339 740 compositam.
1348 663 1446 738 Quum
1464 669 1566 724 tamen
1584 662 1682 724 denuo
1702 661 1876 724 exhibemus
1887 678 1924 724 ex

635 763 708 824 Cod.
718 763 890 824 Philoitst
904 762 1083 845 (runcato),
1097 766 1149 830 fol.
1166 777 1203 829 ta
1214 775 1405 844 recto-verso,
1417 787 1465 848 ap.
1476 769 1593 832 Bibliot.
1609 767 1858 846 imper.deob.,
1868 770 1925 830 sci·

635 871 703 931 licet
714 888 752 932 ex
767 871 869 931 eodem
883 871 1001 932 turbido
1015 872 1096 934 fonte
1109 875 1189 934 unde
1207 879 1270 954 jam
1291 879 1416 938 Kortirm
1435 877 1584 950 hauserit3
1600 877 1745 954 integrius
1758 893 1838 948 vero,
1854 875 1924 936 dum

635 979 801 1038 accuratius
814 977 909 1038 dicere
922 995 980 1038 non
995 979 1182 1052 audeamus.)

561 1138 785 1232 Omnipotens
813 1137 970 1211 conditor
998 1138 1122 1212 mundi
1149 1142 1260 1232 Deus,
1294 1163 1409 1214 rerum
1437 1142 1514 1216 sine
1540 1141 1710 1238 principio
1739 1140 1925 1237 principale

513 1263 721 1360 principium
748 1271 784 1334 et
805 1260 884 1334 finis
909 1263 1013 1336 etiam
1030 1263 1207 1358 infinitus,
1231 1265 1399 1362 sapientia
1424 1268 1526 1360 cujus
1550 1267 1667 1339 omnia
1690 1287 1770 1338 cum
1796 1265 1925 1337 ratione

512 1389 610 1480 iacit,
632 1387 738 1462 nichil
760 1409 914 1482 unquam
932 1387 1080 1462 inaniter
1103 1390 1175 1483 egit
1193 1400 1255 1463 aut
1272 1390 1346 1464 edit
1361 1391 1538 1484 ociosum,
1555 1411 1660 1488 super
1676 1390 1759 1464 celis
1774 1391 1924 1462 celorum

512 1533 651 1586 sursum
676 1513 712 1583 in
736 1511 844 1606 gloria
870 1511 1030 1584 thronum
1059 1511 1127 1584 sibi
1151 1513 1329 1586 constituit
1349 1515 1386 1586 in
1409 1523 1578 1588 eternum.
1598 1514 1668 1588 Sed
1695 1536 1740 1587 ne
1763 1511 1923 1587 deorsum

512 1637 654 1712 forsitan
678 1636 799 1710 orbern
826 1645 913 1710 terre
938 1637 996 1710 cui
1021 1659 1123 1710 nemo
1146 1648 1257 1712 rector
1280 1638 1408 1714 inesset
1435 1647 1600 1736 tanquam
1629 1641 1765 1714 fortune
1788 1639 1926 1712 casibus

510 1762 710 1858 expositum
740 1761 951 1856 neglexisset
975 1770 1011 1834 et
1037 1783 1150 1858 genus
1179 1762 1371 1836 humanum
1399 1763 1495 1860 quod
1520 1764 1724 1838 rationabile
1751 1773 1925 1838 creaverat

511 1885 788 1960 irrationabiliter
817 1886 1015 1960 abuteretur
1044 1887 1178 1959 arbitrii
1206 1888 1382 1981 libertate,
1413 1889 1577 1984 precipue
1608 1897 1747 1984 propter
1775 1887 1923 1982 primum

514 2011 796 2106 transgressionis
813 2011 944 2084 vicium
960 2011 1056 2106 quod
1072 2034 1092 2085 a
1108 2013 1228 2108 primis
1244 2013 1444 2108 parentibus
1461 2023 1691 2110 propagatum
1708 2011 1755 2086 ad
1773 2021 1925 2108 posterus

512 2135 713 2210 naturaliter
729 2135 889 2232 serpebat
905 2133 968 2231 (a),
988 2157 1034 2208 ex
1052 2157 1123 2231 quo
1137 2137 1299 2232 superbie
1315 2145 1420 2208 vento
1438 2135 1616 2230 turgidum
1632 2144 1666 2208 et
1680 2134 1835 2230 nequitie
1851 2155 1924 2206 cor·

511 2269 653 2356 ruptum
672 2261 839 2333 fermento
858 2260 966 2333 variis
991 2260 1160 2334 delirabat
1184 2261 1358 2335 erroribus
1383 2270 1418 2333 et
1445 2261 1688 2334 involvebatur
1706 2259 1836 2332 retibus
1850 2261 1924 2352 jnr-

512 2385 668 2478 giorum,
689 2386 765 2482 ipse
782 2385 845 2480 qui
863 2395 981 2458 sancte
996 2386 1121 2458 mentis
1139 2385 1175 2456 in
1193 2387 1334 2482 speculo
1350 2395 1474 2458 cuncta
1491 2384 1741 2482 presentialiter
1758 2384 1921 2469 intuetur,

512 2509 639 2608 videns
654 2507 751 2604 quod
767 2519 839 2582 erat
855 2509 890 2580 in
908 2509 1151 2582 commoditate
1169 2511 1355 2584 necessitas
1373 2519 1408 2582 et
1427 2509 1465 2582 in
1482 2510 1684 2584 necessitate
1702 2493 1924 2580 commoditas

513 2658 583 2708 non
604 2634 723 2708 deerat
746 2636 942 2730 protutura,
964 2636 1132 2730 prelatum
1158 2636 1342 2730 privilegio
1361 2635 1561 2708 monarobie
1578 2657 1712 2708 sacrum
1734 2634 1924 2704 Romanum

511 2758 695 2856 imperium
721 2758 899 2850 stabilivit,
926 2766 965 2829 ut
985 2760 1059 2850 ejus
1082 2755 1288 2850 dominator,
1309 2759 1483 2830 excellens
1500 2767 1630 2830 ceteras
1643 2756 1799 2852 gentium
1813 2765 1924 2852 potes·

511 2892 615 2976 tates,
632 2883 733 2979 quasi
750 2885 844 2956 Deus
860 2883 946 2956 alter
965 2881 1001 2953 in
1024 2881 1123 2954 terris
1141 2891 1292 2976 preesset
1310 2881 1510 2955 bominibus
1530 2883 1588 2956 vel
1610 2880 1806 2976 prodesset,
1827 2879 1924 2974 virga

511 3007 650 3081 virtutis
667 3029 731 3080 sue
746 3015 882 3102 regeret
900 3007 976 3104 ipse
994 3026 1094 3100 reges
1112 3014 1147 3079 et
1164 3005 1199 3076 in
1216 3016 1306 3078 statu
1325 3008 1509 3101 tranquillo
1527 3007 1673 3102 populos
1688 3005 1755 3078 sub
1775 3005 1871 3100 pacis
1884 3026 1924 3076 ac

508 3132 647 3226 justicie
668 3131 767 3226 virga
790 3131 973 3204 salubriter
996 3131 1216 3224 gubernaret.
1240 3130 1336 3202 Licet
1358 3140 1474 3204 autem
1498 3130 1705 3226 antiquitus,
1730 3138 1770 3202 nt
1793 3137 1924 3201 veteres

509 3265 678 3332 testamur
701 3256 850 3355 ystorie,
878 3256 925 3331 de
951 3254 1100 3330 diversis
1121 3255 1312 3350 aliquando
1337 3255 1461 3328 mnndi
1486 3255 1682 3328 climatibus
1709 3253 1925 3348 singulariter

510 3383 627 3480 plures
656 3391 690 3456 et
717 3381 895 3479 pluraliter
916 3380 1052 3476 aliquos
1071 3379 1265 3476 singulares
1289 3379 1336 3454 ad
1361 3379 1417 3452 sui
1441 3380 1596 3474 regimen
1622 3377 1716 3452 idem
1741 3377 1923 3472 imperium

511 3506 770 3602 assumpsisset,
795 3505 954 3600 ingentes
980 3513 1097 3578 tamen
1125 3503 1234 3599 ipsius
1259 3503 1370 3576 fasces
1396 3502 1534 3576 honeris
1555 3511 1591 3577 et
1614 3501 1753 3575 honoris
1775 3500 1812 3572 in
1835 3508 1922 3573 statu

512 3630 694 3705 commode
710 3639 900 3704 sustentare
919 3629 1125 3724 nequiebat,
1146 3643 1329 3732 postquam
1346 3629 1526 3724 presertim
1544 3626 1743 3701 aRomanis
1758 3625 1925 3698 exulave-

512 3764 590 3830 rant
605 3754 700 3852 apud
719 3753 857 3842 Grecos,
875 3754 960 3848 quin
976 3755 1052 3846 ejus
1072 3774 1256 3848 compages
1272 3753 1459 3844 interdum,
1480 3773 1563 3849 ymo
1584 3753 1781 3846 frequenter
1796 3749 1924 3822 alicubi

512 3881 728 3955 solverentur
748 3887 782 3952 et
806 3899 948 3972 gravem
966 3876 1107 3950 sentiret
1131 3877 1166 3949 in
1185 3877 1302 3972 aliqua
1320 3878 1375 3950 sui
1393 3887 1490 3974 parte
1511 3876 1665 3966 ruinam,
1686 3883 1925 3947 verumtamen

513 4001 611 4106 [tam]
634 4003 720 4078 fides
734 4003 901 4076 catholica
918 4023 1024 4096 quam
1039 4001 1162 4074 mundi
1179 4023 1234 4074 res
1253 4003 1392 4098 publica
1407 4001 1535 4076 crebris
1550 3999 1848 4098 prosecutionibus
1862 4019 1925 4071 an·

513 4139 690 4229 gerentur.
713 4126 853 4201 Celestis
872 4125 1022 4220 ideoque
1041 4125 1249 4222 provisionis
1274 4126 1455 4218 instinctu,
1477 4145 1546 4198 non
1572 4123 1706 4218 absque
1731 4120 1925 4194 necessario

514 4275 619 4330 cause
634 4249 847 4326 rationabilis
865 4257 1080 4344 argumento,
1099 4258 1217 4323 sancta
1231 4257 1339 4322 mater
1356 4248 1526 4340 Ecclesia,
1546 4255 1688 4320 senatus
1706 4244 1926 4341 populusque

513 4380 689 4454 Romanus
703 4376 747 4451 ab
760 4373 929 4469 Argolicis
941 4371 1136 4472 prius(b)in
1152 4372 1308 4468 urgentis
1325 4393 1426 4448 casus
1440 4372 1594 4446 articulis
1605 4371 1651 4445 ad
1665 4371 1720 4443 sui
1731 4367 1922 4466 presidium

556 4551 597 4632 (a)
618 4553 654 4614 In
667 4551 766 4614 codice
774 4545 914 4630 mpiaedut.

557 4657 597 4738 (b)
618 4660 676 4736 Ap.
692 4658 817 4719 Kortirm
825 4655 958 4737 proptu
