4382 5946
545 577 606 640 336
1045 577 1258 640 llllllllilllCl
1283 579 1459 642 secutor
1774 587 1852 671 [An.
1871 589 1955 651 1214.

544 725 660 788 nostro
677 713 890 787 auctoritatis
906 713 1059 787 edietum
1078 724 1206 788 munere
1226 715 1360 790 violare
1371 721 1630 815 presumpserit,
1647 723 1673 792 L
1687 721 1792 796 libras
1806 727 1883 798 anri
1896 749 1957 824 pro

544 862 635 937 pena
656 861 695 912 se
718 839 987 935 oompositurnm
1012 840 1232 934 eognoverit‚
1260 841 1445 916 dimidium
1466 841 1550 916 fiseo
1575 855 1691 918 nostro
1715 857 1750 919 ot
1775 847 1955 922 dimidium

543 965 700 1060 predicto
721 963 979 1059 arobiepisoopo
1004 975 1040 1036 et
1059 967 1136 1057 ejus
1153 965 1309 1038 eoelesie.
1329 965 1373 1037 Ut
1391 975 1507 1039 autem
1525 968 1592 1041 boo
1611 969 1729 1042 verim
1746 972 1906 1046 credatur
1924 985 1957 1046 et

542 1090 590 1163 ab
611 1089 775 1161 omnibus
798 1089 1040 1163 iuviolabiliter
1059 1089 1276 1178 observetur,
1297 1092 1670 1187 presentempaginam
1687 1094 1792 1166 scribi
1807 1105 1843 1169 et
1864 1097 1955 1170 bulla

544 1223 660 1286 nostra
678 1237 784 1288 aurea
801 1215 1019 1308 injunximus
1034 1214 1238 1310 premuniri.

590 1339 700 1430 Hujus
718 1339 768 1411 rei
784 1347 889 1411 testes
910 1349 993 1410 sunt
1012 1337 1217 1412 Tbideriens
1233 1335 1446 1411 liuvirensis
1467 1338 1763 1436 arehiepisoopus,
1783 1341 1955 1416 Amedeus

541 1463 742 1536 bisuntinus
759 1462 1057 1558 arehiepisoopus,
1086 1459 1265 1534 Conradns
1282 1461 1549 1536 Constantiensis
1565 1463 1770 1560 episeopus,
1788 1467 1955 1540 ilenriens

540 1586 801 1680 Argentinensis
816 1586 1020 1682 episeopus,
1041 1587 1214 1658 Walterus
1231 1586 1429 1660 basiliensis
1448 1587 1594 1678 electus,
1614 1587 1802 1661 Ganiritlns
1820 1591 1956 1663 Tricas·

541 1713 634 1784 tinus
657 1711 860 1808 episeopus,
884 1711 976 1783 Otho
1001 1709 1079 1784 dnn
1106 1711 1272 1804 llerauie,
1299 1727 1415 1784 eomes
1436 1711 1606 1785 liodnlins
1621 1712 1667 1786 (le
1684 1714 1868 1810 Habsbmg
1886 1713 1952 1812 (a),

541 1857 670 1929 eomes,
690 1845 756 1910 ete.
778 1835 867 1934 (tio).

588 1963 663 2053 ligo
679 1961 858 2035 Conradns
875 1961 1045 2058 Spirensis
1063 1971 1097 2034 et
1117 1961 1278 2034 Metensis
1295 1961 1499 2057 episeopus,
1518 1962 1706 2057 imperialis
1721 1965 1800 2036 aulo
1820 1965 1954 2037 canoel·

542 2087 660 2179 larius,
677 2086 900 2160 vicedomini
916 2087 1070 2160 Umberti
1088 2087 1294 2160 Viennensis
1316 2085 1566 2182 arobiepiseopi
1583 2097 1618 2158 et
1636 2087 1741 2159 totins
1754 2089 1852 2182 regni
1870 2090 1956 2162 Bur·

542 2212 674 2307 gundie
691 2211 996 2305 archicancellarii,
1016 2212 1215 2307 recognovi.

589 2337 676 2411 Aeta
693 2347 776 2410 sunt
796 2336 861 2410 hec
878 2359 971 2410 anno
990 2337 1125 2410 Domini
1145 2338 1191 2410 bl.
1204 2337 1268 2409 CC.
1282 2336 1374 2428 XIV,
1396 2343 1563 2427 regnante
1579 2335 1761 2409 Frederiuo
1778 2336 1808 2407 ll
1829 2337 1954 2410 Roma·

541 2485 664 2535 norum
681 2483 776 2556 rege,
792 2471 827 2534 st
842 2483 924 2556 rege
939 2463 1054 2534 Sicilie
1072 2462 1235 2554 glorioso,
1256 2481 1348 2534 anno
1365 2461 1462 2554 regni
1481 2461 1523 2532 ll.

587 2589 673 2661 Data
687 2586 784 2684 apud
801 2587 982 2678 basileam,
1003 2587 1077 2660 Vlll
1096 2585 1264 2660 kalendas
1281 2585 1487 2676 decembris,
1504 2583 1694 2658 indictione
1707 2587 1765 2658 lll.

780 2903 1609 2916 ———-——————————--—.
1613 2903 1693 2914 -·—--e

382 3199 423 3284 „¹²
478 3271 485 3294 ‚
592 3183 828 3289 isidoriana,
860 3182 1120 3266 Romanorum
1147 3207 1238 3285 rex,
1264 3180 1452 3263 universis
1478 3177 1700 3262 bominibus
1733 3187 1814 3260 tam
1845 3176 1954 3260 urbis

498 3324 504 3340 '
537 3345 656 3430 qnam
672 3317 786 3427 burgi
804 3316 1051 3420 Arelatensis,
1071 3316 1122 3399 ad
1138 3313 1389 3396 imitationem
1407 3311 1586 3394 Friderioi
1604 3311 1664 3394 avi
1682 3311 1759 3418 sui,
1778 3309 1953 3394 eonsules

539 3453 701 3564 singuiis
718 3451 829 3532 annis
846 3449 1098 3533 instituendos
1115 3445 1318 3530 roniirmat
1332 3472 1402 3556 per
1414 3471 1513 3555 qnos
1522 3443 1588 3552 jus
1603 3443 1742 3554 maique
1753 3443 1951 3547 reddatur,

538 3587 643 3670 saluo
661 3595 788 3668 tamen
802 3585 842 3664 in
856 3583 1036 3667 omnibus
1046 3582 1132 3692 June
1151 3579 1422 3690 arehiepisoopi
1440 3577 1683 3662 Arelatensis.

596 3877 599 3885 Ι
619 3801 717 3878 (Edit.
732 3803 764 3862 ln
778 3799 816 3861 P.
833 3799 920 3861 Sunii
935 3795 1043 3878 pontis.
1059 3793 1184 3870 Arelas,
1206 3813 1256 3876 up.
1279 3795 1448 3870 Mannum,
1463 3793 1584 3874 suat,
1606 3799 1629 3856 t.
1652 3792 1684 3872 1,
1700 3808 1731 3870 p.
1748 3797 1826 3863 214,
1849 3795 1881 3852 et
1902 3805 1952 3866 ep.

657 3907 797 3980 Bonane,
809 3905 886 3966 Hirt.
896 3901 931 3963 de
939 3903 1081 3964 Promea
1087 3948 1099 3980 ,
1110 3910 1134 3964 t.
1148 3905 1193 3978 11,
1207 3920 1236 3985 p.
1250 3905 1334 3978 208.)

586 4101 624 4172 ln
647 4096 787 4170 nomine
805 4103 922 4167 sancta
941 4102 976 4166 et
995 4091 1180 4165 individue
1199 4090 1386 4164 Trinitatis.
1414 4087 1608 4162 Friderions
1629 4083 1804 4160 metandae
1829 4083 1953 4158 (lirina

535 4225 672 4297 favente
692 4221 800 4316 gratia
820 4221 1049 4292 Romanorum
1067 4237 1131 4290 rex
1146 4226 1181 4288 et
1197 4235 1334 4311 semper
1349 4224 1531 4308 augustus,
1549 4221 1584 4286 et
1599 4231 1663 4285 run
1676 4209 1805 4300 Sicilie,
1823 4229 1952 4282 eonsu-

535 4349 646 4436 libus‚
671 4347 839 4419 militibus
865 4355 900 4416 et
923 4343 1086 4415 universo
1115 4341 1244 4437 populo
1270 4351 1339 4412 tam
1368 4339 1464 4410 urbis
1485 4357 1591 4432 qnam
1614 4335 1718 4430 burgi
1743 4333 1952 4407 Arelatensis

535 4473 643 4570 gratie
666 4491 730 4545 sua
752 4469 1002 4567 plenitudinem
1030 4487 1110 4538 cum
1136 4465 1260 4538 salute.
1285 4463 1371 4536 Cum
1398 4464 1482 4536 urbs
1506 4459 1715 4534 Arelatensis
1738 4470 1841 4556 eaput
1863 4459 1952 4530 Pro-

534 4601 650 4673 vincis
674 4607 709 4671 et
734 4595 869 4693 imperii
887 4592 1087 4691 principalis
1113 4591 1214 4664 sedes
1245 4589 1392 4678 existat,
1420 4597 1550 4682 quanto
1579 4584 1763 4681 specialius
1790 4583 1893 4656 nobis
1915 4593 1952 4655 et

572 4751 608 4827 (a)
628 4751 664 4811 ln
686 4749 837 4826 impressis
857 4743 892 4806 de
915 4739 1072 4834 sulzburp,
1089 4743 1178 4805 male.
