4334 5980
206 596 305 654 lsnrcr.
325 589 387 668 la]
656 583 854 646 HISTORIA
881 581 1174 644 uleloltntlcll.
1561 580 1624 642 207

257 729 345 800 liuta
359 725 396 798 in
415 723 555 798 cimtate
577 721 748 810 llessane,
763 741 856 794 anno
872 719 1046 793 dominice
1061 717 1304 792 incarnationis
1319 715 1486 803 MCCXll,
1504 738 1625 790 mense

207 850 339 939 martii,
359 849 421 924 XV
437 845 650 938 indictionis,
667 845 765 938 regni
784 864 867 920 vero
885 843 1016 918 domini
1035 843 1142 918 nostri
1159 842 1315 918 Federici
1334 843 1396 917 Dei
1412 843 1521 938 gratia
1543 843 1624 934 glo-

209 973 390 1048 riosissimi
412 971 505 1066 regis
526 971 660 1060 Sicilie,
681 969 831 1043 ducatus
851 968 978 1064 Apulie
996 977 1030 1042 et
1054 969 1267 1066 principatus
1288 969 1423 1066 Capue,
1444 967 1481 1040 in
1498 969 1625 1041 Roma·

209 1120 335 1173 norum
357 1097 597 1194 imperatorem
614 1093 727 1182 electi,
747 1115 839 1167 anno
856 1094 947 1183 XlV,
967 1093 1122 1166 feliciter.
1131 1092 1255 1167 Amen.

1197 1340 1383 1352 -n-n--u-

264 1585 477 1670 Fridericns
494 1609 561 1668 rex
578 1583 764 1693 arripiens
781 1584 852 1666 iter
865 1583 979 1668 eundi
994 1583 1034 1666 in
1051 1582 1332 1688 Alemannjam,
1345 1583 1429 1666 XVI
1439 1583 1624 1667 kalendas

211 1717 344 1828 aprilis
361 1719 467 1828 quod
483 1717 556 1802 luit
573 1715 734 1801 sabbato
747 1717 965 1801 Palmarum
984 1718 1187 1827 applicarit
1203 1719 1374 1802 Gaietam
1392 1715 1470 1830 (1),
1494 1717 1625 1828 ibique

210 1851 418 1936 honorifice
435 1859 608 1962 receptus
612 1911 778 1935 ......
795 1851 937 1934 mansit
954 1875 1209 1961 parmensem
1214 1911 1380 1934 ......
1397 1861 1435 1934 et
1455 1851 1524 1934 ivit
1538 1850 1626 1933 llo-

211 2010 332 2070 mam.
355 1985 526 2071 chronic.
546 1993 649 2070 Fore.
669 1991 809 2084 Novae,
833 1984 1299 2098 ap.lilumnoa1,Script.,
1322 1995 1351 2068 t.
1372 1983 1456 2088 Vll,
1472 2009 1513 2096 p.
1529 1983 1626 2066 892.

264 2505 476 2592 Fridericus
507 2533 574 2590 rex
605 2505 778 2610 Siciliae,
802 2505 842 2586 in
874 2505 1136 2590 Romanorum
1166 2505 1432 2616 imperatorem
1464 2505 1626 2611 electae,
1699 2585 1722 2616 m
1736 2525 1786 2614 “2⁸2

213 2640 323 2725 Petro
355 2639 482 2724 Sancti
513 2639 677 2725 Marcelli
704 2637 924 2750 presbytero
954 2639 1138 2723 cardinali
1167 2665 1278 2723 suam
1304 2637 1490 2750 capellam
1522 2637 1626 2747 apud

213 2773 457 2884 Amalphiam
482 2774 524 2858 in
549 2775 703 2857 ruinam
725 2783 933 2857 uertentem
957 2774 1145 2878 concedit,
1166 2772 1423 2884 permittitque
1450 2782 1494 2856 ut
1518 2771 1627 2854 illam

214 2917 355 2993 evertat
371 2919 409 2992 et
425 2907 528 2992 illius
546 2907 648 2993 bona
674 2909 723 2991 ad
750 2909 885 2992 domos
911 2905 1115 2990 transierat
1136 2933 1234 3018 quas
1251 2907 1331 3018 ipse
1348 2905 1554 2991 cardinalis
1576 2906 1628 2988 ad

215 3067 328 3123 usum
346 3041 615 3126 canonicorum
632 3051 671 3126 et
686 3066 898 3152 pauperum
926 3041 1237 3125 sustentationem
1264 3039 1368 3152 apud
1385 3038 1630 3151 Amalphiam

215 3175 345 3258 erexit.

298 3363 463 3443 (Memorat.
476 3379 526 3441 ap.
540 3363 707 3438 nomm,
720 3361 844 3444 Repert,
858 3377 891 3439 p.
908 3370 959 3439 το,
973 3371 1008 3424 n⁹
1024 3371 1074 3438 at,
1088 3378 1128 3424 ex
1146 3363 1231 3442 copia
1242 3363 1333 3424 seculi
1345 3363 1417 3426 XVI
1430 3363 1510 3443 apud
1522 3365 1628 3426 Amel-

335 3467 436 3552 plrlam
448 3485 468 3530 a
479 3469 663 3532 Bethmanuo
676 3469 918 3543 communicata.)

267 3631 392 3702 Datum
417 3627 556 3723 Gaiete,
581 3653 673 3706 anno
697 3631 868 3705 dominice
891 3631 1136 3705 incarnationis
1158 3631 1323 3723 MCCXll,
1350 3653 1468 3706 mense
1491 3633 1624 3722 martii,

219 3755 281 3827 XV
299 3753 496 3830 indictionis
500 3808 769 3829 .........

444 4009 1408 4028 W*

270 4249 483 4334 fridericus
513 4275 580 4334 rex
612 4249 783 4358 Siciliae,
810 4249 850 4330 in
882 4249 1141 4333 Romanorum
1167 4248 1434 4358 imperatorem
1464 4249 1625 4360 electus,
1692 4274 1794 4380 Ἢ,

254 4514 294 4586 (l)
313 4514 421 4588 tegitur
431 4514 523 4589 inepte
535 4513 563 4571 in
576 4513 706 4590 impresso
719 4517 898 4573 Beneventum
905 4515 964 4573 rice
972 4513 1281 4573 carcamcorroxinus
1291 4519 1391 4586 autem,
1401 4516 1558 4574 auctoritate
1569 4515 1628 4573 llic-

215 4612 292 4670 cardi
303 4613 338 4671 de
349 4615 378 4674 S.
391 4613 525 4672 Germano
540 4612 661 4688 lulti‚qui
674 4621 747 4672 recte
755 4613 820 4672 dicit
830 4631 837 4671 :
849 4613 980 4687 «Navigio
990 4619 1084 4674 vectus
1094 4629 1110 4670 a
1120 4613 1386 4674 GaietanisGuietom
1397 4614 1483 4686 venit,
1498 4613 1533 4672 ad
1545 4631 1627 4688 quern

222 4729 235 4762 ι
248 4710 437 4770 lliceardusdc
447 4711 695 4786 equitaturarum
708 4727 799 4772 comcs
813 4719 841 4770 et
854 4712 955 4771 domini
967 4712 1002 4770 de
1013 4711 1119 4787 Aquino
1131 4711 1241 4770 radunt.
1254 4731 1267 4764 e
