4378 5954
516 569 558 632 'tt
1016 573 1229 634 renuuntur
1254 571 1429 634 SEGUb'Di
1738 573 1819 656 [Ass.
1838 575 1927 638 120⁰.

516 706 613 801 quod
634 706 762 779 dicitnr
788 728 858 778 uon
885 707 1109 782 servandum.
1138 707 1206 780 Sed
1231 707 1460 804 respondetur
1481 709 1578 802 quod
1605 709 1669 782 etsi
1693 711 1926 802 juramentum

519 831 606 904 illud
622 833 780 904 ittioitum
796 834 910 925 tuerit,
926 854 995 907 non
1008 843 1123 908 tamma
1137 834 1183 906 ab
1198 855 1241 906 eo
1257 835 1447 907 temeritate
1463 835 1601 930 propria
1616 833 1759 920 resitire,
1770 834 1832 906 sed
1847 856 1929 907 nos·

516 966 604 1028 tram
621 958 719 1052 prius
731 957 909 1032 debuisset
922 960 1103 1032 consulere
1115 959 1342 1050 voluntatem,
1356 957 1404 1032 ad
1419 959 1619 1054 exemptum
1636 959 1731 1030 iilius
1741 959 1925 1051 juramenti

519 1083 616 1176 quod
637 1081 698 1154 filii
722 1085 825 1158 israel
848 1084 1046 1157 Gabaonitis
1067 1084 1302 1179 prestiteraut3
1325 1085 1423 1178 quod
1447 1085 1530 1156 licet
1556 1085 1660 1156 suerit
1682 1103 1745 1178 per
1769 1083 1927 1156 fraudem

519 1217 727 1302 surreptum,
740 1229 808 1280 uon
821 1217 934 1281 tamen
947 1231 1010 1281 sua
1023 1209 1212 1282 temeritate
1225 1209 1422 1282 resilierunt
1436 1209 1482 1280 ab
1497 1229 1553 1300 eo,
1563 1208 1627 1282 sed
1640 1209 1824 1280 Dominum
1838 1229 1926 1282 con·

517 1331 631 1404 sulere
660 1332 899 1406 decreverunt.
925 1333 1082 1406 Preterea
1109 1356 1190 1406 cum
1219 1355 1323 1406 omne
1347 1333 1445 1428 quod
1472 1341 1591 1406 contra
1617 1333 1858 1407 conscientiam
1888 1333 1928 1406 na

517 1453 654 1528 edificet
664 1455 711 1528 ad
721 1457 930 1551 gebennam,
942 1457 1228 1551 quiasecundum
1241 1457 1443 1552 Apostolum
1456 1483 1465 1528 ε
1477 1482 1496 1526 u
1509 1479 1612 1531 omne
1622 1457 1719 1553 quod
1732 1479 1802 1530 uun
1817 1467 1927 1532 estex

517 1579 587 1654 fide
603 1592 783 1676 peccatum
799 1592 863 1673 cst,
875 1610 893 1652 n
904 1593 939 1656 et
952 1582 1046 1655 idem
1058 1584 1236 1679 Phiiippus
1252 1605 1358 1678 super
1370 1583 1437 1656 boc
1449 1583 1587 1677 negotio
1606 1583 1717 1656 tabter
1731 1605 1770 1655 se
1783 1593 1929 1657 excuset

516 1703 613 1800 quod
637 1727 783 1800 regnum
810 1708 909 1780 aliter
930 1709 1126 1780 nullatenus
1146 1709 1354 1804 accepisset,
1374 1709 1441 1780 nisi
1462 1718 1577 1782 nosset
1591 1707 1688 1803 quud
1713 1708 1800 1782 iilud
1824 1709 1927 1783 iuva-

518 1830 602 1903 dere
619 1831 677 1901 alii
693 1831 936 1927 disponebant,
957 1841 1051 1927 patet
1067 1853 1147 1906 eum
1163 1833 1355 1907 credidisse
1368 1835 1603 1926 juramentum
1628 1832 1715 1905 illud
1734 1833 1839 1905 tuisse
1853 1855 1925 1906 ser-

519 1954 693 2044 vandum,
711 1965 809 2028 etex
826 1977 869 2029 eo
882 1955 977 2049 quud
994 1955 1092 2028 venit
1108 1957 1219 2030 taliter
1234 1969 1353 2030 eontra
1374 1956 1476 2048 illud,
1497 1958 1574 2049 ejus
1591 1977 1668 2029 esse
1684 1957 1926 2029 conscientiam

519 2081 747 2153 vulneratam.
768 2081 826 2152 Sic
843 2101 926 2176 ergo
943 2080 1084 2154 videtur
1101 2081 1198 2175 quod
1220 2082 1312 2154 licite
1334 2101 1399 2153 nos
1417 2082 1716 2154 excommunicato
1737 2091 1773 2153 et
1789 2075 1926 2176 p'erjurc

519 2204 708 2280 debeamus
732 2227 902 2302 opponere
924 2215 960 2280 et
982 2209 1058 2299 ejus
1084 2207 1264 2279 conatibus
1288 2207 1442 2280 obviare.
1474 2206 1576 2292 Quod
1604 2206 1638 2278 ei
1667 2225 1730 2278 nos
1753 2202 1928 2300 opponere

519 2330 651 2422 deceat,
673 2331 850 2404 manifeste
862 2331 1002 2404 videtur
1017 2352 1064 2403 ex
1080 2353 1123 2403 eo
1135 2331 1231 2425 quod
1246 2332 1299 2423 si,
1316 2341 1419 2427 prout
1435 2331 1518 2406 olim
1536 2331 1626 2427 putri
1643 2329 1748 2420 titius,
1766 2331 1817 2403 sic
1834 2351 1927 2403 nunc

517 2453 715 2528 immediate
737 2455 936 2529 succederet
957 2457 1060 2528 trater
1077 2456 1191 2548 butri,
1215 2455 1395 2529 videretur
1419 2455 1603 2552 imperium
1624 2456 1657 2528 ei
1683 2476 1753 2529 non
1770 2476 1818 2529 ex
1834 2457 1926 2528 elec·

517 2580 611 2653 tione
629 2581 794 2671 conferri,
810 2580 872 2654 sed
885 2604 931 2655 ex
948 2582 1166 2655 successione
1188 2579 1327 2672 deberi,
1346 2581 1447 2653 etsie
1468 2579 1661 2652 efficeretur
1680 2579 1926 2654 bereditarium

517 2705 613 2800 quod
629 2704 733 2780 debet
749 2727 825 2779 esse
842 2707 1041 2800 gratuitum.
1064 2707 1246 2779 Presertim
1265 2729 1346 2778 uum
1366 2727 1437 2778 nou
1459 2705 1570 2778 solum
1591 2705 1775 2778 Federicus
1791 2703 1927 2777 substi-

520 2831 621 2904 tuerit
643 2829 707 2902 sibi
737 2830 865 2923 tilium,
890 2831 952 2904 sed
975 2831 1143 2904 Henrious
1159 2831 1262 2904 etiam
1281 2829 1392 2902 titium
1413 2829 1480 2902 sibi
1499 2829 1649 2901 vuluerit
1664 2829 1870 2924 subrogare,
1893 2841 1928 2904 et

518 2979 579 3053 per
598 2955 665 3030 boc
684 2957 798 3028 forsan
818 2957 1049 3051 inposterum
1067 2955 1191 3028 abusio
1208 2955 1401 3028 traheretur
1417 2953 1454 3025 in
1471 2975 1587 3026 usum.
1608 2953 1710 3038 Quod
1732 2963 1847 3027 autem
1863 2977 1928 3028 ex·

518 3079 637 3178 pediat
654 3101 829 3176 opponere
846 3101 909 3152 uos
924 3079 1097 3176 Phiiippo,
1115 3081 1225 3174 liquet
1242 3079 1405 3152 omnibus
1422 3078 1614 3151 manifeste.
1635 3077 1719 3148 Cum
1736 3079 1828 3151 euim
1848 3103 1926 3174 per·

517 3213 655 3279 secutor
678 3205 722 3277 sit
743 3215 777 3278 ct
799 3203 845 3278 de
868 3227 994 3298 genere
1019 3215 1278 3300 persecuturum
1301 3204 1404 3276 tuerit
1425 3203 1615 3290 oriundus,
1633 3203 1663 3276 si
1685 3223 1753 3275 uon
1771 3226 1927 3300 oppone·

518 3351 634 3404 remus
651 3351 715 3402 nos
732 3329 787 3422 ei,
805 3329 1005 3404 videremur
1022 3339 1140 3402 contra
1158 3351 1221 3402 nos
1239 3347 1376 3401 armare
1400 3329 1568 3400 furentem
1593 3337 1629 3400 et
1651 3327 1685 3400 ei
1711 3327 1866 3418 gladium
1889 3330 1926 3400 in

518 3455 630 3550 capita
654 3463 772 3527 nostra
793 3454 888 3528 dare.
907 3451 1040 3552 [Pergit
1058 3455 1213 3550 pontifex
1231 3453 1375 3548 injurias
1391 3455 1586 3526 memorans
1606 3451 1651 3524 ab
1665 3452 1928 3549 imperatoribus

517 3579 665 3650 Heurico
681 3579 822 3672 quinto,
840 3579 1013 3652 Fridericu
1031 3580 1155 3675 primu,
1176 3579 1324 3652 Henrico
1349 3585 1502 3651 sextoet
1523 3577 1569 3650 ab
1586 3575 1663 3673 ipso
1677 3577 1837 3673 Philippo
1858 3579 1928 3650 Ec·

519 3703 644 3776 clasiae
659 3703 832 3775 Romanae
849 3703 978 3794 illatas,
999 3723 1046 3775 ex
1062 3702 1182 3775 diviua
1200 3703 1327 3798 pagiua
1347 3701 1580 3773 testimonium
1597 3701 1764 3773 invocans
1782 3701 1828 3774 de
1845 3723 1926 3798 pec·

518 3827 603 3901 catis
625 3836 762 3924 patrum
785 3827 822 3898 iu
846 3825 935 3898 filios
957 3825 1196 3900 retundendis.
1218 3827 1299 3900 Post
1324 3826 1372 3897 ita
1395 3823 1574 3898 concludit
1598 3821 1630 3922 :]
1655 3826 1705 3896 De
1726 3825 1849 3898 Ottcue
1874 3823 1927 3922 (4)

518 3953 658 4028 videtur
675 3950 770 4047 quod
789 3973 859 4024 nou
873 3953 974 4024 liceat
991 3952 1057 4048 ipsi
1076 3953 1210 4054 fauere,
1230 3951 1395 4046 quoniam
1413 3971 1433 4022 a
1451 3949 1675 4046 paucioribus
1701 3959 1753 4020 est
1775 3949 1923 4040 eiectus3

518 4079 613 4176 quod
627 4099 696 4152 nou
709 4077 842 4170 deceat,
856 4097 901 4150 ue
912 4077 1095 4152 videamur
1105 4097 1175 4149 non
1189 4077 1235 4148 ub
1248 4075 1392 4170 gratiam
1402 4073 1716 4167 ejus,sedulterins
1727 4073 1848 4147 odium
1861 4073 1926 4170 ipsi

554 4433 591 4508 (4)
609 4433 681 4506 Otto,
699 4433 807 4492 bennoi
825 4431 955 4494 Suonim
974 4431 1051 4490 ducis
1071 4430 1206 4490 sccundus
1224 4431 1309 4504 filius,
1323 4431 1380 4488 dux
1400 4429 1559 4504 Aquitaniae
1580 4433 1610 4486 et
1628 4443 1721 4486 cornea
1739 4427 1873 4488 Pictaviae
1893 4429 1928 4488 ab

517 4532 647 4591 avunculo
661 4547 710 4590 suu
727 4533 855 4590 Ricmrdo
869 4531 1015 4604 Angiorum
1028 4547 1092 4605 rege
1105 4537 1226 4604 creatam,
1241 4546 1302 4588 mcx
1320 4547 1391 4588 anuo
1408 4533 1477 4587 4498
1491 4527 1561 4603 apud
1573 4527 1761 4586 Anderuacum
1774 4527 1845 4586 circa
1859 4529 1931 4586 Pas-

518 4632 597 4690 cbam
611 4631 640 4686 iu
653 4647 742 4704 regem
756 4632 934 4690 Romanorum
948 4631 1036 4688 tuerat
1048 4631 1150 4688 electus
1162 4635 1190 4688 et
1204 4632 1238 4686 44
1249 4629 1307 4703 julii
1318 4628 1390 4704 apud
1402 4627 1599 4702 Aquisgranum
1612 4625 1648 4684 ab
1661 4625 1861 4701 archiepiscopo
1875 4626 1929 4686 Co-

517 4729 631 4788 loniensi
645 4721 826 4787 consecratus.
