4378 5954
482 463 542 529 156
981 467 1197 529 intuuntur
1221 467 1396 530 suctum
1701 469 1784 550 [An.
1802 469 1893 533 Μ).

564 601 668 677 (Fdld.
677 601 867 663 Anrnconrus
880 619 929 680 ap.
943 603 1124 678 Mnmronr,
1137 603 1238 685 Antip.
1256 601 1327 664 itui.
1343 601 1417 664 ned.
1434 603 1508 674 mi
1520 609 1546 666 t.
1557 604 1613 680 vl,
1629 621 1662 682 p.
1674 613 1745 681 tus,
1758 623 1797 668 cx
1809 605 1891 668 cuti.

599 707 1423 790 poculorum.11,ctAltcr.Aqntt.sacr.,tol.ua.)
1937 725 1945 740 ·

530 899 570 969 ln
587 895 726 968 nomine
742 895 805 968 Dei
824 896 931 968 eterni
948 905 983 969 ct
999 897 1186 969 Salvatoris
1206 897 1312 970 nostri
1326 899 1407 970 iesu
1422 897 1559 970 Christi.
1574 895 1760 970 Fedcricus
1773 896 1893 972 divina

483 1023 620 1094 favente
638 1021 819 1094 clementia
837 1043 900 1092 rex
919 1019 1047 1108 Sicilie,
1062 1021 1210 1094 ducatus
1226 1019 1353 1116 Apulis
1370 1031 1405 1094 et
1422 1022 1637 1118 principatus
1649 1019 1791 1117 Capue.
1812 1075 1822 1091 .
1846 1075 1856 1094 .
1880 1075 1890 1092 .

485 1198 700 1218 .......
721 1144 807 1216 Cum
823 1155 874 1236 tu,
891 1144 1080 1237 Theodine,
1096 1145 1305 1219 venerabilis
1322 1146 1550 1219 Furconensis
1567 1146 1763 1242 episeopus,
1784 1143 1896 1219 tidelis

482 1279 611 1361 noster,
639 1269 860 1365 privilegium
878 1268 974 1364 qnod
992 1268 1169 1364 quondam
1193 1291 1282 1342 avus
1306 1279 1422 1343 noster
1441 1293 1508 1344 rex
1524 1269 1693 1364 Rogen'us
1709 1269 1801 1342 bone
1818 1289 1896 1340 me-

483 1394 590 1467 morie
608 1393 654 1466 de
673 1393 777 1466 casali
796 1393 911 1465 Sancti
930 1395 1073 1467 Eusanii
1091 1403 1126 1466 et
1145 1395 1285 1467 castello
1304 1395 1406 1467 Collis
1423 1393 1586 1468 Paidonis
1602 1393 1810 1467 Furconensi
1831 1413 1897 1465 ec-

483 1519 587 1593 clesie
603 1517 765 1608 indulsit,
786 1519 955 1610 majestati
981 1529 1095 1592 nostre
1117 1533 1348 1617 presentasscs
1372 1531 1407 1594 et
1428 1519 1658 1616 supplicasses
1678 1517 1840 1590 attentius
1858 1527 1898 1589 ut

483 1641 677 1740 predictum
695 1643 807 1716 casale
823 1653 857 1714 et
874 1643 1049 1714 castellnm
1069 1643 1130 1715 tibi
1149 1655 1183 1717 et
1199 1645 1408 1718 Furconcnsi
1426 1645 1570 1717 ecclesie
1592 1641 1637 1716 de
1663 1653 1778 1714 nostre
1796 1641 1895 1714 beni·

483 1768 625 1864 gnitatis
642 1767 752 1860 gratia
770 1765 972 1840 confirmare
991 1768 1233 1862 dignaremur3
1255 1793 1319 1843 uos
1338 1771 1457 1846 divine
1474 1769 1611 1866 pietalis
1631 1767 1758 1839 intuitu
1779 1775 1813 1839 et
1834 1788 1898 1862 pro

485 1893 641 1966 remedio
659 1901 876 1988 peccatorum
897 1903 1075 1986 parentum
1098 1904 1291 1966 nostrorum
1316 1893 1400 1968 dive
1419 1893 1602 1986 memorie,
1623 1889 1898 1964 consideratione

488 2017 592 2092 etiam
610 2017 804 2090 devotionis
822 2027 857 2089 et
876 2019 963 2110 grati
983 2017 1113 2090 servitii
1129 2017 1226 2112 quod
1245 2019 1440 2092 celsitudini
1454 2029 1568 2091 nostre
1583 2039 1720 2112 semper
1732 2015 1898 2088 exhibere

487 2142 650 2216 studuisti
669 2151 753 2230 cte,
767 2142 989 2214 concedimus
1007 2141 1264 2238 inperpetuum
1282 2154 1317 2216 et
1334 2141 1578 2216 confirmamus
1594 2151 1648 2214 etc
1652 2193 1796 2213 .....
1817 2139 1898 2212 Pre-

488 2291 568 2341 sens
585 2265 805 2362 privilegium
824 2288 885 2362 per
901 2289 1026 2338 manus
1039 2265 1214 2339 Benedicti
1227 2269 1369 2356 notarii,
1386 2266 1497 2340 lidclis
1514 2265 1640 2357 nostri,
1656 2263 1759 2337 scribi
1775 2270 1810 2336 et
1826 2283 1901 2334 ma·

484 2392 617 2486 jestati's
635 2399 750 2463 nostre
767 2391 879 2484 sigillo
892 2391 1061 2482 jussimus
1078 2392 1230 2466 roborari
1243 2445 1459 2464 .......
1902 2397 1905 2402 “

536 2517 663 2589 Datum
682 2515 717 2586 in
738 2515 823 2588 urbe
841 2515 931 2588 lelici
948 2516 1078 2589 Pavore
1097 2515 1311 2612 (Panormi),
1333 2538 1394 2612 per
1418 2538 1542 2587 manus
1564 2514 1727 2586 Gualterii
1751 2533 1902 2586 venera-

489 2641 569 2714 bilis
585 2639 783 2713 Catanensis
801 2640 955 2736 episcopi
975 2651 1010 2712 et
1024 2640 1121 2734 regni
1140 2640 1254 2712 Sicilie
1269 2639 1479 2731 cancellarii,
1496 2662 1589 2712 anno
1602 2639 1775 2710 dominice
1787 2637 1902 2710 incar·

490 2765 637 2838 nationis
649 2763 796 2856 MCCIX,
815 2786 933 2837 mense
948 2765 1092 2856 octobri,
1109 2765 1187 2836 Xlll
1203 2765 1421 2857 indictionis,
1436 2765 1535 2859 regni
1546 2784 1630 2837 vero
1644 2763 1726 2855 XII,
1745 2761 1898 2835 feliciter.

489 2891 615 2964 Amen.

322 3465 439 3572 Ἥ,
546 3451 758 3534 Fridericns
775 3477 848 3534 rex·
860 3451 1009 3535 Siciliae
1030 3451 1190 3533 domum
1207 3449 1406 3559 hospitalis
1426 3448 1553 3534 Suncti
1569 3448 1751 3532 Iohannis
1768 3447 1909 3532 Hieru-

494 3585 700 3670 solimiteni
717 3585 765 3666 dc
783 3585 956 3668 Messana
973 3591 1010 3665 el
1028 3581 1122 3664 alias
1139 3583 1274 3666 domos
1295 3583 1401 3694 regni
1426 3583 1487 3666 sui
1517 3582 1557 3663 in
1584 3582 1815 3691 protectione
1835 3607 1906 3664 suu

492 3719 645 3828 recipit,
664 3717 794 3826 eisque
811 3717 984 3800 concedit
1000 3726 1037 3798 et
1054 3725 1210 3799 renovut
1226 3717 1356 3800 omnia
1369 3715 1477 3826 jura,
1496 3715 1694 3826 privilegia
1711 3725 1749 3798 et
1765 3715 1908 3796 immu-

495 3853 633 3937 nitates
650 3849 861 3960 specialiter
877 3849 1019 3932 ibidem
1037 3875 1226 3958 expressa.

579 4063 709 4146 (Edldcr.
719 4065 892 4141 R.Pmnns,
906 4061 988 4126 Sicil.
1002 4080 1095 4140 sam,
1110 4069 1135 4126 t.
1147 4065 1187 4138 11,
1200 4079 1232 4142 p.
1247 4071 1361 4128 m.—
1368 4063 1485 4138 Lumo,
1500 4059 1571 4126 dod.
1579 4057 1647 4123 Ital.
1657 4056 1821 4141 diplomat,
1832 4065 1857 4122 t.
1865 4060 1907 4135 11,

616 4190 647 4252 p.
666 4171 767 4248 usar.)

547 4359 744 4462 innomine
763 4359 950 4432 Deieterni
973 4369 1008 4433 et
1027 4357 1214 4432 Salvatoris
1234 4357 1341 4430 nostri
1355 4377 1469 4430 amen.
1493 4355 1687 4429 Friden'cus
1712 4351 1833 4425 divina
1858 4351 1910 4424 ia·

497 4493 603 4557 vente
631 4483 811 4556 clementia
833 4505 897 4556 rex
918 4483 1048 4574 Sicilie,
1073 4483 1220 4555 ducatus
1240 4479 1365 4576 Apulis
1391 4490 1427 4554 et
1452 4479 1665 4576 principatus
1682 4477 1812 4572 Cupuo.
1836 4473 1908 4547 Etsi

499 4608 617 4682 omnia
643 4607 776 4682 caduca
805 4617 886 4680 sunt
909 4607 1088 4680 hominum
1113 4617 1148 4680 et
1173 4616 1363 4702 temporum
1390 4605 1615 4680 dintmnitatc
1627 4603 1810 4693 labuntur,
1829 4606 1911 4671 sunt
