4334 5980
522 473 580 535 190
1018 469 1232 532 ratbuslct
1257 471 1432 534 secubet
1748 473 1828 560 [Aac.
1846 477 1935 540 1211.

520 610 604 684 cbos
617 608 826 682 Curaoenses
835 627 939 702 snper
950 607 1096 682 ecclesia
1108 608 1371 701 Calabromerie,
1385 629 1492 705 mam
1505 609 1572 706 ipsi
1583 631 1665 684 cnm
1676 611 1752 685 suis
1762 614 1934 710 petinen-

519 734 578 807 tiis
590 733 635 808 ad
649 755 752 806 suum
766 732 1012 805 monasterinm
1028 730 1162 826 dejure
1175 741 1329 829 spectare
1340 732 1503 809 dicebant
1515 743 1551 808 et
1563 757 1586 808 u
1600 735 1704 810 vobis
1715 737 1832 810 minus
1843 739 1935 814 licite

520 858 687 950 detineri,
709 857 770 932 diu
793 865 845 930 est
860 856 995 950 questio
1013 856 1154 951 agitata.
1176 853 1347 956 [Exponit
1363 859 1475 955 primo
1491 859 1648 955 pontifex
1667 882 1807 934 cansam
1826 863 1935 938 Cura-

519 983 692 1068 oensium,
708 981 770 1076 qni
789 981 824 1052 in
840 981 907 1053 hoo
925 981 1111 1077 praecipue
1132 981 1362 1056 fulciebantur
1381 982 1478 1077 quod
1500 982 1664 1058 Friderioi
1684 985 1823 1058 Siciliae
1843 987 1935 1081 regis

519 1105 661 1179 illustris
672 1105 894 1200 privilegium
914 1127 976 1201 per
991 1127 1116 1178 manns
1129 1107 1336 1180 venerabilis
1353 1107 1504 1180 Gnnlteri
1522 1106 1569 1180 de
1586 1108 1752 1206 Palearia,
1766 1111 1864 1204 regni
1879 1111 1933 1183 Si·

518 1231 618 1304 ciliae
640 1230 853 1322 caneellarii,
876 1251 982 1326 super
1007 1229 1131 1302 eadem
1157 1231 1304 1306 ecelesia
1329 1228 1639 1330 impetravissent]
1662 1229 1718 1307 Ad
1736 1233 1801 1306 hec
1818 1246 1932 1308 antem

516 1377 581 1428 vos
612 1354 789 1428 innostra
821 1353 992 1449 presentia
1020 1355 1246 1450 respondistis
1273 1378 1294 1426 c
1323 1365 1441 1428 contra
1466 1355 1583 1463 quod,
1615 1365 1681 1429 etc.
1715 1357 1935 1452 designando

517 1479 739 1553 nihilominus
757 1480 906 1552 rationes
928 1479 1025 1574 quod
1042 1480 1262 1574 privilegium
1278 1475 1491 1554 antedictum
1504 1480 1758 1556 curacensibus
1775 1503 1844 1555 non
1860 1485 1932 1556 sul·

518 1607 708 1699 lrngaretnr
722 1603 759 1674 in
775 1603 906 1698 aliquo,
922 1603 1008 1699 quia
1021 1603 1176 1699 prodicta
1189 1605 1365 1678 concessio
1380 1625 1451 1699 qne
1467 1605 1557 1677 lacta
1574 1605 1686 1679 inerat
1700 1605 1816 1678 minus
1825 1608 1929 1699 juste,

517 1751 579 1826 per
607 1727 692 1800 illud
715 1749 784 1800 non
810 1727 1011 1822 intelligitur
1032 1727 1277 1800 rationabiliter
1297 1727 1515 1816 confirmatass
1536 1729 1690 1802 maxime
1712 1751 1792 1801 cnm
1816 1742 1930 1804 notam

518 1873 717 1948 expressam
746 1852 918 1925 contineat
942 1853 1119 1946 salsitatis,
1144 1876 1223 1926 cum
1249 1855 1386 1948 legatur
1409 1854 1446 1926 in
1471 1853 1548 1949 ipso
1571 1851 1669 1948 quod
1689 1853 1848 1926 Panormi
1871 1877 1933 1950 per

520 1997 645 2050 manus
667 1973 823 2068 jamdicti
847 1976 1041 2049 cancellarii
1068 1998 1110 2050 eo
1132 1985 1287 2072 tempore
1306 1976 1427 2050 datum
1451 1976 1573 2070 luerit,
1595 1997 1666 2072 qno
1689 1975 1784 2050 idem
1813 1970 1943 2072 utique

521 2121 591 2174 uon
604 2099 781 2187 Panormi,
802 2098 865 2172 sed
883 2099 966 2172 alibi
985 2101 1089 2192 longe
1106 2123 1127 2172 a
1145 2102 1313 2173 Panormo
1332 2100 1514 2190 manebat,
1529 2111 1563 2174 et
1576 2123 1640 2174 rex
1659 2102 1760 2194 cnjus
1778 2101 1930 2174 euthori-

521 2235 591 2297 tate
608 2222 681 2296 lieri
697 2223 895 2312 videbatur,
916 2233 1001 2296 tnnc
1020 2226 1182 2320 temporis
1200 2247 1269 2297 non
1291 2223 1521 2298 custodiretur
1541 2225 1587 2298 ab
1607 2227 1698 2320 ipso,
1719 2225 1782 2299 sed
1796 2249 1817 2298 a
1833 2226 1932 2298 Guil-

520 2349 623 2422 lelmo
649 2347 847 2442 Capparone
872 2355 998 2422 temere
1015 2359 1199 2441 teneretur,
1226 2349 1287 2444 qni
1310 2349 1414 2422 etiam
1438 2369 1560 2421 verum
1584 2349 1737 2443 sigillum
1756 2349 1933 2424 detinebat

520 2473 642 2570 ipsius.
660 2471 715 2546 Ad
731 2472 970 2546 excusandum
992 2495 1117 2569 nempe
1135 2473 1357 2568 privilegium
1377 2471 1636 2569 supradictum,
1657 2473 1834 2568 premissis
1853 2495 1933 2568 pars

519 2598 763 2672 monachornm
785 2598 1029 2670 Curaoensium
1054 2597 1253 2694 replicando
1276 2597 1455 2696 respondit
1475 2597 1572 2692 qnod
1597 2619 1677 2668 cum
1703 2595 1818 2669 dictus
1845 2619 1932 2668 cen-

518 2723 676 2798 cellarius
693 2744 716 2795 a
737 2723 828 2795 clare
849 2723 1013 2796 memorie
1034 2723 1229 2796 Constantia
1249 2723 1463 2819 imperatrice
1488 2721 1685 2797 ordinarius
1707 2722 1813 2794 totins
1831 2721 1931 2814 regni

518 2857 554 2922 et
573 2847 665 2942 regis
685 2845 941 2920 administrator
965 2848 1117 2920 extiterit
1139 2848 1362 2940 constitutus,
1385 2847 1425 2920 id
1442 2847 1554 2943 potuit
1577 2848 1689 2919 lacere
1710 2845 1819 2940 ipsius
1840 2847 1934 2939 ragis

519 2972 724 3046 authoritate
740 2972 894 3064 licenter,
915 2981 1034 3068 utpote
1047 2973 1109 3068 qui
1124 2972 1220 3046 vices
1238 2971 1379 3066 gerebat
1396 2972 1490 3067 regis
1507 2972 1553 3046 in,
1569 2970 1636 3042 hac
1658 2979 1767 3066 parta.
1788 2971 1933 3066 lnsnper

519 3099 623 3170 etiam
640 3098 850 3169 curacenses
868 3096 1028 3169 monachi
1049 3095 1259 3170 addiderunt
1271 3095 1388 3191 quod,
1404 3095 1470 3168 etsi
1489 3094 1620 3168 dictum
1635 3093 1856 3190 privilegium
1870 3115 1933 3190 per

518 3243 641 3296 manns
657 3219 848 3293 cancellarii
866 3221 912 3294 ob
929 3221 1096 3318 premissa
1111 3221 1265 3294 obtinere
1281 3241 1350 3292 non
1366 3227 1482 3316 posset
1496 3219 1603 3291 robur
1618 3216 1735 3292 debite
1747 3217 1927 3308 firmitatis,

516 3345 650 3420 censeri
669 3343 818 3417 debebat
840 3343 996 3418 validum
1018 3365 1081 3440 pro
1098 3367 1140 3418 eo
1156 3345 1253 3441 qnod
1278 3345 1394 3418 dictus
1419 3365 1485 3416 rex
1502 3341 1590 3416 illud
1608 3364 1656 3416 ex
1673 3351 1767 3415 certa
1787 3342 1931 3415 scientia

516 3468 736 3566 postmodum
758 3466 991 3558 confirmavit,
1013 3490 1092 3540 cnm
1112 3467 1308 3542 ratihabitio
1324 3466 1572 3540 retrotrahatur
1589 3474 1625 3539 et
1644 3465 1809 3540 mandato
1828 3487 1930 3539 com-

516 3599 656 3688 paretur
675 3593 777 3683 juxta
800 3590 972 3685 legitimas
993 3593 1208 3684 sanctiones;
1232 3591 1459 3663 nihilominus
1485 3599 1719 3686 proponentes
1744 3588 1841 3685 quod
1865 3589 1930 3662 etsi

516 3725 678 3790 nentrum
697 3714 955 3809 privilegiorum
975 3715 1117 3788 deberet
1135 3715 1328 3810 legitimum
1342 3713 1512 3808 judicari,
1536 3714 1697 3787 ultimum
1714 3713 1765 3786 eis
1783 3712 1932 3786 debebat

517 3839 676 3914 sufficere
686 3837 781 3932 quod
793 3837 886 3910 idem
900 3859 978 3928 rex,
993 3848 1177 3934 postquam
1189 3860 1336 3912 uxorem
1348 3837 1517 3929 traduxit,
1532 3858 1638 3933 super
1648 3835 1772 3912 eadem
1786 3836 1931 3909 ecclesia

516 3963 687 4038 concessit
712 3961 916 4036 monasterio
943 3963 1138 4036 Curaoensi.
1171 3963 1328 4036 Ceterum
1355 3983 1434 4058 pers
1460 3969 1648 4036 vestraex
1678 3959 1826 4034 adverso
1855 3979 1931 4032 res·

515 4089 638 4187 pondit
652 4085 749 4184 qnod
766 4086 796 4160 si
814 4085 1105 4162 confirmationem
1123 4087 1276 4182 aliquam
1297 4085 1522 4160 obtinuerunt
1535 4083 1581 4159 de
1599 4083 1782 4181 privilegio
1803 4105 1932 4180 snpra·

517 4212 611 4287 dicto
625 4209 785 4284 monachi
800 4209 1022 4297 duracenses,
1042 4209 1118 4304 ipsa
1131 4208 1261 4282 nullius
1278 4216 1351 4282 erat
1362 4207 1497 4281 roboris
1512 4207 1570 4280 vel
1590 4206 1735 4298 vigoris,
1750 4205 1834 4300 qnia
1849 4225 1931 4276 cnm

517 4335 631 4430 ipsum
657 4331 876 4428 privilegium
896 4353 917 4404 a
939 4331 1109 4428 principio
1135 4331 1269 4404 irritum
1290 4331 1477 4422 extitisset,
1505 4338 1580 4403 rata
1603 4351 1680 4402 esse
1704 4349 1775 4402 non
1799 4337 1932 4424 poterat

516 4459 656 4531 obmnta
676 4457 787 4530 taliter
807 4455 1039 4548 confirmatio,
1059 4477 1165 4553 snper
1185 4476 1228 4529 co
1250 4457 1467 4552 assignantes
1484 4455 1587 4529 talem
1609 4452 1655 4527 de
1673 4453 1854 4550 privilegio
1877 4453 1931 4524 ul·

516 4583 601 4656 timo
628 4582 795 4656 rationem
818 4581 914 4677 qnod
943 4581 989 4656 de
1013 4583 1090 4680 ipso
1113 4603 1183 4656 non
1205 4583 1496 4670 emolumentum,
1524 4578 1589 4655 sed
1616 4601 1742 4676 penam
1764 4577 1934 4652 deberent
