4378 5954
501 561 560 622 ltt
997 559 1211 620 Fllllllllllcl
1235 560 1409 621 securior
1723 561 1802 646 [Ant
1821 562 1908 624 ΗΒ.

498 697 658 792 invigilat
669 706 706 768 et
716 717 776 768 aas
787 695 861 768 suis
871 694 1049 769 beneficiis
1061 697 1227 792 ampliare
1240 697 1425 770 liberaliter
1437 696 1600 770 intendit.
1609 699 1681 770 llac
1693 699 1799 793 igitur
1812 697 1908 771 ducti

498 821 784 910 consideratione,
803 829 869 892 cto.
887 817 1056 918 [Sequitur
1073 823 1157 894 ucrrt
1172 823 1210 893 ia
1222 823 1437 917 praecedente
1455 823 1642 916 pra'vilcpic,
1666 845 1701 918 p.
1726 825 1787 914 96,
1806 845 1910 917 aspare

496 948 544 1017 nd
562 957 598 1018 et
613 946 827 1042 pertinentiis
845 943 947 1043 suis]
970 946 1199 1018 Conoedimus
1220 957 1377 1042 preterea
1395 956 1432 1018 et
1450 947 1486 1018 in
1509 955 1716 1041 perpetuum
1738 946 1908 1020 donamus

497 1071 618 1144 domui
637 1073 760 1143 Sancte
775 1070 949 1141 Trinitatis
963 1068 1008 1142 de
1025 1072 1194 1144 Panormo
1210 1093 1281 1165 qne
1301 1079 1354 1143 est
1369 1071 1453 1143 dicti
1473 1071 1589 1142 Sancti
1608 1071 1792 1166 Hospitalis
1808 1073 1908 1144 teru-

495 1196 622 1284 salem,
643 1215 764 1268 omnes
784 1194 931 1266 villanos
954 1195 1076 1267 casalis
1098 1195 1211 1267 Potitii
1233 1196 1446 1288 ubicumque
1467 1205 1599 1267 suntet
1617 1205 1830 1290 terramque
1853 1204 1907 1268 est

494 1339 602 1414 prope
629 1319 771 1392 domum
789 1321 913 1391 Sancte
931 1319 1106 1392 Trinitatis
1123 1341 1193 1414 que
1218 1320 1345 1394 dicitnr
1368 1319 1574 1413 Hartilgidie
1597 1329 1632 1392 et
1654 1321 1756 1392 aliam
1781 1329 1906 1394 terram

494 1443 530 1514 in
552 1465 622 1536 qua
646 1444 711 1516 luit
732 1445 885 1534 Masara,
904 1466 975 1539 que
994 1453 1047 1516 est
1064 1444 1154 1516 inter
1171 1444 1349 1535 jardinum
1367 1445 1520 1539 predicte
1536 1447 1661 1518 Sancte
1677 1444 1850 1516 Trinitatis
1871 1455 1907 1518 et

492 1591 630 1640 murum
643 1567 791 1640 civitatis
808 1578 924 1640 nosue
939 1569 1097 1642 Panormi
1116 1569 1152 1640 in
1169 1570 1245 1640 loco
1262 1569 1324 1663 qni
1340 1569 1469 1642 dicitnr
1482 1567 1578 1640 Alza.
1598 1569 1828 1642 Nihilominus
1844 1589 1906 1664 per

492 1703 686 1788 presentem
702 1693 916 1764 auctoritatis
933 1703 1049 1765 nostre
1063 1693 1226 1788 paginam
1242 1692 1358 1766 eidem
1379 1693 1523 1766 ecclesie
1538 1696 1662 1766 Sancte
1679 1693 1850 1766 Trinitatis
1868 1694 1905 1765 in

492 1825 697 1910 perpetuum
724 1815 968 1888 confirmamus
995 1837 1215 1912 quecumque
1239 1818 1403 1891 dominns
1428 1815 1634 1910 magnificus
1664 1818 1848 1912 imperator
1870 1825 1906 1890 et

494 1939 634 2012 domina
649 1938 867 2012 serenissima
884 1939 1095 2035 imperatrix,
1112 1941 1186 2013 divi
1205 1951 1365 2037 parentes
1378 1942 1498 2032 nostri,
1511 1940 1626 2014 eidem
1642 1941 1786 2014 ecclesie
1799 1941 1904 2014 mise-

493 2063 673 2136 ricorditer
687 2075 940 2137 mucesserunr.
965 2063 1143 2164 [Sequitur
1161 2066 1201 2136 de
1216 2069 1314 2138 cerdo
1328 2068 1375 2138 od
1387 2068 1522 2138 netum
1538 2067 1624 2138 sicat
1638 2067 1676 2137 in
1691 2067 1904 2160 medente

493 2211 595 2282 aspare
612 2189 657 2260 cd
673 2186 800 2287 finam]

541 2315 665 2386 Datum
683 2314 718 2384 in
742 2314 828 2386 urbe
850 2313 941 2386 retici
961 2314 1133 2403 Panormi,
1155 2335 1247 2387 anno
1267 2314 1440 2386 dominice
1463 2313 1706 2386 incarnationis
1723 2314 1902 2388 millesimo

493 2437 731 2512 ducentesimo
748 2449 865 2528 sexto,
886 2460 1004 2510 mense
1020 2439 1156 2533 aprilis,
1181 2439 1380 2512 indictionis
1396 2448 1535 2530 octava,
1553 2438 1652 2532 regni
1669 2459 1754 2513 vero
1769 2437 1902 2512 domini

491 2564 597 2634 nostri
621 2562 783 2636 Friderici
810 2563 872 2634 Dei
895 2563 1005 2657 gratia
1024 2564 1260 2654 gloriosissimi
1280 2564 1370 2657 regis
1393 2562 1528 2651 Sicilie,
1547 2563 1695 2635 ducatus
1719 2561 1846 2658 Apulis
1867 2573 1902 2636 et

490 2687 703 2782 principatus
719 2687 834 2783 Capua
851 2709 944 2760 anno
962 2687 1125 2782 septimo,
1146 2687 1300 2760 feliciter.
1321 2686 1444 2759 Amen.

704 3017 1682 3036 ——-———--.-.-——.-—.-——-—ffl

331 3410 344 3442 ‚
422 3431 430 3454 ‚
540 3329 751 3414 Tridericus
769 3355 837 3412 rex
855 3327 1023 3430 Siciliae,
1049 3329 1099 3410 ad
1125 3353 1253 3437 preces
1271 3326 1424 3410 Eusebii
1443 3325 1592 3410 abbatis
1611 3324 1738 3408 Sancti
1755 3322 1900 3408 Nicolai

335 3463 349 3496 ¹
403 3481 410 3496 ·
486 3463 534 3546 de
554 3465 730 3572 Gurguro
754 3472 791 3544 et
817 3471 1024 3545 conventus
1052 3460 1241 3570 ejusdem,
1261 3461 1474 3570 paupertati
1492 3485 1625 3543 eorum
1643 3457 1897 3567 compatiens,

486 3597 658 3680 concedit
675 3595 715 3674 in
734 3604 958 3702 perpetuum
981 3603 1023 3675 ut
1044 3593 1083 3674 in
1106 3594 1264 3676 {lumine
1283 3595 1387 3702 quod
1404 3588 1542 3675 dicitur
1559 3589 1684 3674 Hebes
1701 3587 1898 3672 molendi-

485 3755 581 3812 num
599 3729 649 3810 ad
667 3753 764 3836 opus
781 3728 901 3836 ipsius
917 3729 1135 3812 monasterii
1154 3737 1397 3811 construatur
1410 3735 1447 3810 et
1459 3725 1577 3812 libere
1589 3733 1774 3808 tenentur.

567 3966 665 4040 (Edld.
678 3967 716 4030 ll.
729 3967 860 4043 Praaus,
875 3965 953 4030 Siatl.
968 3977 1106 4045 sacret
1123 3972 1154 4044 1,
1168 3986 1200 4048 p.
1219 3967 1304 4045 129.)

534 4183 748 4276 Fridericus,
773 4194 840 4258 etc.
868 4186 981 4258 Toties
1002 4185 1099 4279 regie
1125 4182 1318 4256 serenitatis
1340 4181 1461 4254 titulus
1487 4173 1700 4252 multimodis
1724 4177 1897 4272 preconiis

486 4307 688 4403 ampliatur,
717 4311 853 4403 quoties
882 4311 1033 4382 locorum
1061 4307 1308 4381 venerabilium
1340 4303 1599 4378 commoditates
1624 4301 1682 4396 pia
1711 4299 1896 4396 dispensa-

487 4433 579 4506 tione
598 4431 715 4506 studet
740 4433 776 4505 in
805 4435 928 4506 melius
953 4435 1130 4530 ampliare.
1155 4431 1239 4505 lnde
1268 4432 1297 4504 si
1325 4429 1468 4526 quidem
1492 4437 1544 4502 est
1568 4425 1663 4522 qnod
1687 4447 1751 4498 nos
1775 4425 1895 4498 divine

484 4557 767 4632 considerationis
792 4559 864 4631 zelo
895 4559 1074 4646 commoti,
1099 4580 1161 4654 pro
1185 4557 1295 4630 salute
1324 4566 1439 4628 nostra
1465 4563 1499 4628 et
1527 4553 1686 4626 divomm
1711 4557 1892 4646 parentum

484 4693 678 4756 nostrornm
702 4682 802 4756 beate
826 4681 1074 4758 recordationis
1096 4689 1313 4780 peccatorum
1332 4679 1566 4774 indulgentia,
1585 4677 1631 4750 ad
1648 4695 1767 4774 preces
1782 4693 1893 4748 vene-
