4334 5980
487 465 549 526 aad
847 521 851 530 .
989 465 1205 528 lntnsstttct
1233 467 1409 530 snctJtlttt
1712 469 1792 549 [dnn
1811 469 1894 532 tata.

487 603 672 698 episcopus
701 603 921 696 Basiliensis,
949 605 1135 702 episeopus
1167 605 1457 696 Constantiensis,
1489 606 1673 703 episcopm
1704 606 1894 698 Curiensis,

489 725 599 800 abhus
616 725 802 822 Augensis,
824 727 933 804 abbas
954 728 1070 802 Sancti
1088 728 1194 822 Gelli,
1214 730 1323 804 abhus
1341 728 1387 804 de
1408 730 1611 825 Wieebnrg,
1631 731 1834 806 Betholdus
1852 729 1898 804 de

489 849 639 946 Nimphe
661 851 786 946 regalis
810 853 905 926 curie
922 852 1218 950 pmthnnoterins,
1240 875 1356 929 eomes
1377 855 1513 930 Ulricus
1529 856 1575 930 de
1592 855 1766 948 Chibnrg,
1786 875 1898 928 cemes

490 973 696 1073 liudolphus
715 974 760 1049 de
777 973 982 1072 Hebesburg
999 987 1035 1050 et
1050 978 1252 1074 langravius
1268 978 1314 1054 de
1329 977 1477 1072 illectis,
1497 981 1642 1054 comites
1654 979 1851 1054 Ludouicns
1864 988 1898 1054 et

490 1099 707 1172 Hermannns
732 1099 777 1174 de
792 1099 961 1197 Frobnrg,
982 1123 1098 1176 comes
1114 1103 1327 1178 wernherus
1345 1103 1391 1178 de
1408 1105 1626 1200 ilcembnrg,
1645 1103 1819 1178 Amoldus
1834 1125 1894 1178 nu·

489 1222 570 1296 bilis
597 1223 642 1298 de
670 1223 810 1318 Warth,
838 1225 1044 1324 lindolphus
1067 1225 1259 1302 advocatus
1281 1229 1320 1300 in
1350 1227 1645 1325 ttuprechswiter,
1670 1229 1830 1302 Albmtus
1854 1227 1897 1302 dc

489 1349 730 1443 Taneuhnsen,
751 1349 959 1448 liudolphus
976 1352 1021 1427 de
1036 1353 1258 1450 Ruuensperg
1272 1361 1307 1426 st
1324 1353 1385 1426 elii
1402 1354 1637 1451 quamplures.

538 1473 626 1548 Acta
647 1485 729 1548 sunt
752 1475 817 1549 hec
843 1498 937 1550 enno
956 1475 1131 1552 dominice
1152 1477 1398 1552 incarnationis
1418 1478 1468 1552 ll.
1488 1478 1553 1552 CC.
1574 1479 1653 1571 llll,
1673 1499 1793 1552 meuse
1814 1497 1896 1573 sep-

491 1599 652 1689 tembris,
681 1599 744 1672 XV
769 1599 981 1694 indictione,
1004 1601 1103 1698 regni
1130 1603 1366 1678 vendemini
1392 1601 1557 1678 Frideu'ci
1582 1602 1801 1676 illustrissimi
1827 1603 1897 1678 llo-

492 1745 674 1798 manorum
686 1723 902 1822 imperatoris
917 1725 1020 1823 electi
1037 1736 1073 1800 et
1089 1749 1224 1824 semper
1240 1727 1395 1822 augusti,
1413 1726 1507 1824 regis
1521 1727 1637 1802 Sicilie
1653 1749 1745 1802 nnnc
1758 1729 1835 1802 XV.

540 1849 667 1920 Datum
688 1847 724 1920 in
747 1847 853 1921 nobili
871 1848 1012 1924 ciuitate
1028 1849 1226 1940 Basiliensi,
1250 1873 1311 1946 per
1328 1873 1454 1926 munus
1472 1853 1574 1928 Uinici
1593 1847 1697 1950 [vice]
1715 1852 1896 1949 prothono-

492 1971 583 2064 larii,
603 1973 649 2046 Vl
668 1970 836 2046 kalendas
852 1973 1020 2068 octobris,
1041 1975 1195 2048 feliciter.
1216 1976 1340 2050 Amen.

747 2289 1663 2303 meu-m*—

284 2587 463 2689 agam?
545 2568 772 2674 Fridericus‚
783 2567 1043 2652 Romanorum
1062 2567 1426 2678 imperatorelectus
1443 2563 1900 2673 etrexSiciliae,Hen1ico

281 2695 461 2754 ”mm
491 2701 699 2788 marchioni
719 2703 907 2786 Moravine
924 2713 962 2785 et
978 2701 1205 2786 haeredibus
1235 2700 1318 2812 ejus
1344 2700 1517 2786 concedit
1537 2711 1576 2783 et
1596 2699 1796 2782 confirmat
1812 2697 1899 2782 llo-

491 2859 598 2918 cram
615 2843 654 2918 et
670 2833 810 2946 llekny
826 2861 916 2920 cum
933 2833 1040 2918 omni
1053 2831 1141 2944 jure
1157 2843 1196 2918 et
1212 2858 1346 2918 eorum
1360 2831 1615 2944 pertinentiis,
1630 2829 1737 2916 saluo
1754 2828 1902 2914 seruitio

494 2967 600 3080 quod
616 2968 657 3051 in
675 2967 782 3052 curia
799 2993 870 3052 sun
886 2965 1059 3051 debetur.

576 3181 707 3259 (Edlder.
724 3181 843 3256 Lente,
857 3175 1064 3257 flammae,
1075 3179 1134 3255 Vl,
1150 3187 1219 3243 ²46.
1230 3213 1272 3225 -
1289 3181 1425 3259 Bannnr,
1439 3177 1519 3241 llice.
1534 3179 1614 3242 Eiet.
1626 3176 1709 3257 eet,
1722 3179 1788 3240 dec.
1801 3179 1898 3256 prim„

613 3289 704 3364 vm,
721 3286 1005 3362 ten-domne
1015 3286 1059 3348 ee
1075 3303 1159 3369 repe.
1177 3283 1250 3348 aot.
1262 3283 1377 3367 prese,
1391 3287 1488 3365 suppl.
1504 3293 1563 3348 act.
1584 3285 1682 3366 publ,
1700 3295 1735 3348 n·
1748 3287 1788 3349 X.
1805 3283 1898 3346 -Cl

612 3396 768 3472 emens,
785 3391 885 3460 dmi.
898 3411 955 3459 cen
967 3391 1113 3472 edem,
1127 3411 1196 3474 pers
1208 3395 1257 3472 11,
1271 3413 1300 3475 p.
1316 3399 1380 3473 tt.)

543 3585 583 3656 ln
611 3583 752 3658 nomine
777 3591 896 3656 sancte
921 3590 957 3655 et
985 3579 1170 3656 individue
1193 3581 1380 3656 Trinitatis.
1409 3578 1534 3654 Amen.
1563 3579 1758 3654 Frideriens
1784 3577 1902 3652 divine

495 3710 633 3784 iuventa
649 3707 831 3780 clementie
847 3707 1078 3780 Romanorum
1097 3705 1283 3802 imperator
1294 3707 1424 3782 electus
1435 3715 1471 3780 et
1487 3725 1622 3800 semper
1636 3713 1819 3798 angustus,
1841 3721 1903 3774 rex

496 3807 631 3924 Sicilie.
650 3829 798 3906 ducatus
814 3829 941 3926 Apulie
958 3840 994 3904 et
1011 3829 1223 3926 principatus
1239 3830 1369 3928 Cupue.
1390 3829 1477 3904 Cum
1494 3827 1599 3904 decor
1617 3837 1652 3902 et
1673 3835 1822 3924 potestas
1839 3823 1904 3896 im-

496 3957 584 4058 perii
601 3965 757 4032 nostrum
774 3954 976 4052 precesserit
991 3963 1134 4046 statum,
1152 3955 1300 4050 dignum
1317 3963 1433 4029 umen
1450 3975 1493 4028 ιιο
1503 3953 1686 4028 honestum
1700 3949 1905 4024 arbitremur

496 4085 569 4160 lore
596 4103 717 4158 sorum
741 4079 835 4154 volis
855 4077 998 4154 uberius
1021 4077 1189 4153 acclinare
1209 4100 1358 4176 quornm
1382 4077 1488 4154 fidem
1510 4099 1553 4152 ac
1574 4075 1794 4152 devotionem
1815 4072 1905 4146 cirne

497 4209 658 4284 universe
683 4204 822 4301 negotia
844 4212 961 4278 nostra
985 4204 1222 4300 prumouendu
1243 4203 1414 4298 integram
1441 4224 1483 4277 ac
1505 4200 1743 4276 inconvulsam
1770 4195 1904 4271 certiori

499 4331 715 4431 experientia
734 4328 934 4405 didicimus.
954 4327 1040 4402 lnde
1067 4327 1231 4425 estquod
1248 4349 1313 4402 nos
1336 4325 1561 4402 advertentes*
1577 4331 1673 4420 grate
1697 4329 1732 4396 et
1753 4319 1905 4417 preclara

500 4458 695 4533 devotionis
712 4455 878 4553 obsequia
895 4475 965 4550 que
979 4454 1148 4529 Henricus
1164 4453 1290 4529 nobilis
1307 4451 1459 4527 marchio
1477 4449 1630 4525 llorevie
1649 4447 1818 4522 hactenus
1834 4453 1903 4518 tam

501 4581 648 4656 fideliter
661 4603 767 4678 quum
785 4581 910 4656 devote
925 4579 1026 4654 nobis
1044 4577 1205 4653 exhibuit
1221 4600 1263 4653 uc
1279 4577 1383 4654 etiam
1399 4577 1547 4651 Domino
1568 4573 1736 4670 largiente
1751 4569 1789 4644 in
1806 4577 1905 4656 antea
