4334 5980
190 555 290 616 lttnrcr.
308 551 370 629 tt]
638 541 839 605 lllSl'OlllA
859 540 1155 603 atrtottttrtctt.
1546 533 1602 595 191

189 687 258 786 ipsi
279 683 440 762 monachi
467 680 583 777 potins
603 689 794 776 reportare;
815 678 899 774 qaia
917 701 995 750 cam
1011 681 1084 771 jam
1106 674 1242 771 questio
1268 671 1377 768 ipsias
1394 670 1537 743 ecclesie
1559 667 1606 742 ad

189 822 344 887 nostram
361 807 463 882 luerit
479 825 628 880 examen
647 802 816 895 deducta,
837 802 1010 897 petierant
1027 802 1095 876 sibi
1114 821 1188 873 rem
1205 797 1387 892 litigiosam
1405 815 1468 891 per
1485 803 1606 890 potes-

190 947 295 1010 tatem
319 933 512 1008 secularem
531 927 676 1002 concedi
701 949 765 1000 sea
789 926 892 1001 etiam
917 925 1124 1000 confirmari.
1148 921 1349 1015 [Concludit
1371 943 1459 1016 papa
1481 941 1606 992 mona-

190 1063 276 1135 cbos
297 1061 476 1134 Florenses
501 1055 548 1128 ab
576 1053 791 1149 impetitione
821 1052 1065 1125 (lamoensium
1093 1069 1198 1146 saper
1224 1046 1348 1121 eadem
1373 1043 1517 1118 ecclesia
1545 1065 1607 1139 per

191 1184 413 1258 diffinitivam
429 1178 636 1254 sententiam
655 1177 901 1269 absolvendo]

240 1311 367 1382 Datum
385 1304 481 1402 apud
500 1305 661 1400 Cryptam
678 1303 871 1392 Farrntam,
893 1299 1046 1374 mando
1058 1297 1224 1372 kalendas
1238 1293 1453 1392 septembris,
1468 1291 1606 1390 pontili-

192 1442 292 1508 catns
308 1430 415 1504 nostri
431 1449 524 1531 anno
541 1425 813 1523 qannodecimo.

249 2012 462 2096 Fridericus
486 2036 554 2094 rex
580 2009 729 2094 Siciliae
755 2010 900 2095 Parisio
925 2009 1197 2095 Panormitano
1227 2008 1345 2092 electa
1371 2015 1409 2090 ct
1434 2004 1612 2090 ecclesiae
1642 2017 1802 2124 nimpe

195 2146 279 2256 ejas
298 2145 466 2258 generali
484 2144 682 2256 privilegio
700 2145 873 2228 concedit
888 2127 931 2227 ¹st
955 2143 1155 2226 confirmat
1177 2141 1363 2253 quidquid
1388 2138 1613 2249 specialibus

195 2279 403 2390 privilegiis
416 2280 540 2363 eidem
557 2278 736 2362 ecclesiae
754 2277 878 2362 luerat
894 2277 1103 2384 indultum,
1119 2277 1311 2387 simulque
1327 2274 1514 2380 redditae,
1526 2271 1614 2383 jura

195 2421 235 2495 et
250 2413 509 2523 possessiones
526 2421 709 2496 recenset.

1677 2124 1771 2170 octobri.

277 2627 406 2703 (Edider.
419 2627 551 2701 hanna,
566 2623 651 2690 stat.
666 2643 768 2700 ncta,
783 2633 807 2690 t.
822 2627 850 2702 I,
864 2644 896 2706 p.
910 2635 1093 2689 tat-tat?
1104 2624 1310 2700 Monstronn,
1324 2619 1428 2686 Ballou
1441 2617 1536 2683 oculta
1550 2620 1614 2682 Pa·

318 2751 429 2806 oona..
444 2751 476 2812 p.
492 2735 554 2812 86.)

246 2921 286 2992 ln
304 2922 444 2994 nomine
456 2919 518 2994 Dei
536 2920 646 2994 eterni
661 2929 696 2994 et
709 2918 895 2992 Salvataris
912 2917 1018 2991 nostri
1031 2919 1112 2991 lesa
1130 2917 1265 2991 Christi.
1282 2916 1406 2989 Amen.
1423 2915 1618 2990 Fridericas
1690 2907 1694 2912 ’

198 3043 320 3117 divina
337 3045 475 3118 favente
493 3045 674 3118 clementia
692 3066 757 3116 rex
784 3043 922 3132 Sicilia,
943 3041 1090 3116 ducatus
1107 3043 1234 3138 Apulis
1257 3051 1292 3116 et
1316 3042 1529 3138 principatus
1554 3041 1618 3114 Ca-

199 3189 281 3263 pas.
301 3168 372 3242 Etsi
391 3167 512 3242 divine
529 3169 718 3261 majestatis
743 3167 871 3239 intuita
892 3189 963 3262 que
981 3167 1089 3240 nostri
1107 3168 1284 3261 regiminis
1303 3167 1448 3260 gloriam
1466 3189 1545 3238 cam
1565 3167 1616 3238 le·

199 3293 326 3366 lioitata
344 3291 515 3388 disponit,
536 3293 698 3366 ecclesias
715 3291 778 3364 Dei
795 3291 853 3387 pia
871 3290 1060 3364 debeamus
1083 3291 1260 3365 allectione
1279 3291 1425 3386 diligere
1441 3301 1475 3364 et
1492 3291 1618 3364 nostris

200 3416 376 3490 beneficiis
394 3417 578 3512 ampliare,
598 3437 659 3490 eas
678 3425 793 3488 tamen
816 3416 917 3488 ocalo
940 3416 1150 3489 clementiori
1167 3415 1373 3510 respicimus
1390 3437 1478 3510 qaas
1501 3427 1617 3488 noster

199 3541 323 3614 ocnlus
337 3540 495 3638 qnotidie
515 3543 669 3615 intactar
686 3549 721 3614 et
738 3540 924 3634 benignius
942 3541 1104 3632 illustrat,
1127 3549 1165 3612 at
1181 3561 1250 3635 qne
1270 3537 1359 3612 siout
1377 3561 1398 3612 a
1417 3540 1509 3632 regis
1530 3541 1616 3614 solia

201 3664 360 3761 prodiere
381 3665 432 3737 sic
449 3665 618 3759 singulari
643 3665 862 3762 prerogativa
888 3665 1062 3760 fulgeant,
1083 3664 1234 3737 stands
1258 3664 1456 3738 habuerant
1479 3662 1644 3736 initium·

200 3787 284 3862 inde
306 3785 351 3861 ds
371 3788 463 3860 bono
486 3788 524 3860 in
549 3787 673 3860 malins
702 3787 915 3884 susciperent
938 3790 1200 3863 incrementum.
1228 3789 1285 3861 Sic
1308 3787 1401 3861 anim
1423 3789 1529 3861 nostri
1553 3787 1616 3860 lir-
1735 3863 1742 3874 ,

201 3919 339 3982 mantar
352 3912 431 4004 jara
447 3910 671 4005 regiminissi
694 3891 818 3984 Christi
836 3911 1009 4004 magnalia
1028 3911 1241 4007 profitemur,
1262 3913 1329 3986 sab
1352 3913 1452 4005 cajus
1473 3913 1616 3987 dextera

200 4033 337 4106 hostilis
352 4035 510 4109 lremitas
531 4036 759 4125 contabescit,
780 4043 819 4108 at
837 4057 900 4131 par
917 4058 999 4108 eam
1023 4044 1138 4108 nostra
1153 4035 1287 4128 justitia
1305 4047 1505 4112 conservata
1528 4047 1562 4110 et
1580 4037 1616 4107 in

200 4157 341 4231 landam
354 4160 409 4231 sui
427 4160 578 4234 nominis
596 4181 820 4254 assurgamus
837 4157 898 4258 [et]
914 4159 950 4231 in
969 4161 1099 4232 cultam
1117 4183 1180 4233 sae
1197 4159 1400 4255 dignissime
1417 4161 1613 4256 majestatis.

199 4281 427 4358 Attendeates
451 4284 557 4377 igitar
578 4285 676 4379 quod
694 4285 902 4358 venerabilis
926 4295 961 4357 et
983 4285 1183 4359 veneranda
1203 4297 1419 4359 sacrosancta
1441 4285 1619 4358 Panormi·

200 4417 284 4480 tana
295 4407 457 4498 ecclesia,
472 4429 544 4502 qne
557 4418 662 4504 capnt
676 4418 728 4484 eat
740 4419 774 4484 et
789 4410 892 4484 sedes
909 4411 1008 4505 regni
1028 4411 1148 4503 nostri,
1164 4421 1199 4483 et
1215 4411 1417 4506 antiquitate
1434 4411 1478 4482 sit
1495 4411 1621 4484 nobilis
1685 4467 1686 4470 ,

204 4541 240 4604 et
254 4531 422 4626 dignitate
440 4544 475 4608 et
496 4535 637 4631 speciali
658 4537 877 4632 prerogativa
901 4538 990 4611 inter
1009 4559 1129 4612 amnes
1146 4537 1231 4610 alias
1252 4537 1350 4628 regni
1374 4536 1481 4608 nostri
1507 4537 1623 4610 eccle-

203 4657 276 4730 sias
295 4657 406 4755 prima
431 4667 466 4733 et
490 4660 613 4734 merito
633 4661 852 4760 principalis,
875 4663 959 4761 qaia
980 4673 1095 4737 tamen
1114 4663 1222 4736 malta
1242 4661 1479 4759 persecutione
1497 4663 1625 4736 vallata
