4378 5954
541 539 582 601 80
1043 541 1259 602 ratnnntct
1284 541 1460 604 secutor
1767 542 1847 620 [dn.
1868 544 1953 604 leot.

615 674 701 751 (lldlt.
713 675 746 736 ln
760 673 839 738 ticet.
849 676 947 738 tm.
957 676 1017 750 111,
1032 693 1099 754 cup.
1114 676 1260 750 XXXIII,
1274 677 1464 754 sullanum,
1473 683 1498 740 t.
1508 679 1536 752 1,
1549 695 1581 756 p.
1597 687 1645 750 tr,
1660 684 1752 756 step.
1764 679 1955 752 Rumonem,

662 789 687 844 t.
703 784 734 854 Ι,
749 801 780 862 p.
796 785 1009 862 st.llpl1tclne
1029 785 1120 862 liujus
1142 787 1262 844 tullium
1283 785 1491 846 hutummodo
1509 786 1825 866 montanismum,
1843 783 1955 846 Amal.

663 885 771 964 usta„
784 891 824 952 ud
834 907 906 952 nnn.
916 887 941 974 s
952 891 1135 970 XXXVIII.)

593 1053 830 1146 Innocentius,
847 1055 1109 1144 etc.‚Federico
1133 1055 1206 1151 regi
1231 1054 1364 1148 Sicilie,
1389 1065 1456 1130 etc.
1478 1055 1614 1128 Utinam
1638 1055 1830 1151 puerilibus
1856 1054 1957 1126 annis

543 1175 678 1249 virilem
701 1179 855 1250 animum
879 1179 1047 1252 Dominus
1074 1181 1258 1276 inspiraret
1278 1190 1315 1254 et
1334 1181 1418 1253 etati
1442 1179 1559 1254 adbuc
1580 1189 1696 1252 tenere
1717 1180 1811 1252 illam
1834 1199 1957 1252 sensus

543 1299 740 1375 infunderet
753 1303 956 1396 gravitatem
972 1325 1034 1400 per
1047 1325 1155 1399 qnam
1167 1304 1258 1376 inter
1270 1305 1322 1377 las
1337 1313 1374 1377 et
1388 1305 1487 1376 nefas
1501 1303 1732 1394 discerneres,
1749 1303 1839 1376 iuter
1851 1301 1957 1376 fin·-

542 1434 578 1498 et
595 1425 775 1521 perfidiam
790 1428 968 1520 judicares
983 1451 1049 1502 uec
1067 1427 1187 1502 fideles
1209 1427 1392 1502 damnares
1409 1451 1473 1524 pru
1489 1426 1633 1524 perfidis
1645 1449 1711 1500 uec
1724 1426 1876 1523 perfidos
1894 1449 1957 1522 pro

541 1548 705 1625 fidelibus
717 1553 900 1626 exaltares.
916 1555 1053 1627 Utinam
1074 1577 1145 1628 non
1161 1557 1398 1651 experimento
1416 1555 1584 1642 disceres,
1604 1553 1670 1628 sed
1684 1553 1840 1628 doctriua
1861 1553 1957 1649 quod

544 1674 581 1746 in
597 1677 789 1770 Evangelio
806 1679 931 1770 legitur
944 1705 952 1748 :
969 1702 988 1746 r
1008 1680 1141 1752 Inimici
1153 1680 1304 1754 bominis
1321 1680 1500 1754 domestici
1517 1681 1595 1772 ejus
1608 1705 1645 1770 n,
1660 1688 1695 1752 et
1708 1677 1806 1772 quod
1819 1677 1957 1774 sapiens

543 1807 769 1893 protestatur:
783 1802 911 1872 «Nulla
925 1802 1033 1897 pestis
1045 1803 1216 1876 efficacior
1233 1802 1493 1878 aduocandum
1509 1825 1615 1898 quam
1639 1801 1817 1874 familiaris
1837 1801 1958 1873 inimi-

545 1943 609 1994 cus
630 1924 762 1996 existit.
777 1951 794 1992 o
808 1927 944 2000 Utinam
968 1929 1176 2022 intelligeres
1192 1929 1289 2024 quod
1315 1931 1352 2002 in
1375 1939 1466 2004 etate
1485 1929 1664 2024 quondam
1684 1937 1720 2000 et
1741 1927 1956 2000 nuncetiam

545 2055 662 2120 tenera
677 2051 899 2123 constitutum
914 2062 949 2126 et
966 2054 1147 2148 utriusque
1169 2055 1322 2150 parentis
1339 2054 1543 2128 destitutum
1560 2053 1747 2142 solamine,
1771 2061 1957 2147 protegen-

545 2172 630 2246 dum
650 2173 757 2248 Sedes
771 2174 968 2271 Apostolica
983 2186 1018 2251 te
1034 2179 1179 2274 recepit,
1199 2189 1234 2251 ct
1252 2187 1292 2250 ut
1308 2201 1432 2252 manus
1449 2199 1628 2252 servorum
1647 2175 1778 2272 (t).qui
1793 2187 1910 2250 oontm
1926 2185 1958 2246 te

545 2299 813 2391 conjuraverunt
828 2301 865 2372 in
883 2323 992 2395 reguo
1013 2304 1257 2398 confringeret,
1280 2315 1380 2376 extra
1394 2323 1541 2397 reguum
1558 2301 1712 2374 radicem
1729 2301 1889 2396 pestifere
1902 2321 1958 2370 ar·

545 2420 640 2494 boris
656 2423 732 2494 nisa
751 2423 817 2495 fuit
831 2435 1026 2520 amputare,
1048 2437 1087 2498 ut
1102 2429 1268 2500 venenosi
1284 2429 1353 2500 rivi
1369 2428 1532 2523 poculum
1546 2426 1779 2498 exsiccaretur
1798 2426 1834 2496 in
1851 2427 1954 2497 fonte.

544 2545 615 2618 Nec
639 2548 674 2620 in
697 2571 805 2644 regno
828 2551 930 2624 etiam
957 2553 1018 2624 tibi
1047 2551 1157 2626 defuit
1180 2575 1302 2625 manus
1327 2561 1456 2626 nostra.
1478 2551 1587 2624 lmmo
1612 2571 1675 2622 nus
1697 2571 1758 2644 per
1782 2548 1903 2622 fratres
1925 2559 1959 2621 et

545 2671 670 2744 milites
687 2683 822 2746 nostros
839 2675 1079 2770 prohibuimus
1092 2677 1241 2772 impetus
1256 2674 1448 2750 lllarcunldi
1459 2675 1616 2764 furentis,
1625 2673 1687 2768 qui
1701 2674 1738 2744 in
1753 2672 1873 2748 fideles
1886 2684 1960 2746 tuoe

545 2795 725 2870 barbarica
744 2799 876 2873 feritate
898 2801 1100 2892 deseviens,
1123 2823 1192 2876 non
1210 2803 1308 2896 regni
1324 2801 1457 2874 balium
1482 2808 1522 2871 ut
1544 2797 1741 2872 adulatores
1766 2799 1827 2870 tibi
1854 2799 1959 2892 aliqui

541 2922 773 3014 mentiuntur,
790 2925 852 2996 sed
869 2925 969 3018 regni
987 2926 1181 3000 dominium
1197 2927 1372 2998 nitebatur
1384 2924 1453 2997 sibi
1468 2945 1529 3019 per
1547 2922 1746 2996 violentiam
1771 2943 1958 3018 occupare,

547 3053 581 3116 te
594 3047 731 3120 Henrici
744 3048 922 3143 quondam
939 3051 1155 3146 imperatoris
1169 3059 1205 3122 et
1222 3051 1348 3146 inclyte
1365 3047 1613 3125 recordationis
1633 3045 1829 3118 Consmmie
1847 3045 1962 3139 impe-

547 3170 680 3244 ratricis
693 3173 810 3246 matris
823 3183 882 3246 tue
897 3173 1007 3246 filium
1020 3197 1096 3248 esso
1111 3196 1255 3267 negans,
1266 3183 1305 3246 ut
1318 3174 1384 3247 bac
1398 3172 1580 3246 occasione
1598 3182 1666 3243 tam
1684 3191 1865 3264 nosquam
1878 3170 1962 3241 alios

547 3303 652 3369 atuo
675 3297 833 3371 subsidio
859 3308 1047 3372 revocaret.
1073 3301 1143 3372 Nos
1168 3309 1284 3372 autem
1311 3301 1387 3392 ejus
1410 3297 1543 3371 fallacie
1569 3316 1638 3367 non
1663 3293 1861 3383 credentes,
1884 3293 1963 3366 licet

548 3421 658 3494 multa
673 3422 774 3496 nobis
787 3432 822 3495 et
835 3445 962 3518 magna
976 3425 1171 3520 promiserit
1183 3446 1228 3496 ne
1244 3423 1355 3520 ipsius
1370 3424 1538 3495 vellemus
1557 3421 1768 3517 propositum
1780 3419 1959 3516 impedire,

548 3547 711 3638 quamvis
740 3547 844 3620 etiam
877 3559 916 3620 ut
947 3549 981 3621 ei
1008 3548 1228 3621 obviaremus
1253 3549 1289 3618 in
1316 3547 1470 3642 partibus
1497 3545 1688 3638 cismarinis
1714 3543 1963 3618 sollicitudines

549 3669 759 3744 subierimus
782 3674 1055 3768 quamplurimas
1074 3682 1110 3746 et
1127 3693 1316 3769 expensas,
1339 3671 1517 3764 angustias
1537 3679 1572 3742 et
1588 3669 1740 3761 labores,
1766 3691 1835 3742 nou
1853 3670 1962 3740 solnm

550 3791 716 3867 innostra
734 3797 798 3870 sed
817 3798 960 3869 fratrum
978 3807 1172 3871 nostrorum
1195 3797 1369 3893 personis,
1392 3817 1452 3868 eos
1468 3815 1530 3889 pro
1548 3804 1582 3866 te
1601 3793 1764 3889 periculis
1783 3813 1963 3888 exponen·

551 3923 621 4008 tes,
644 3927 825 4013 postquam
849 3930 964 3994 autem
987 3922 1139 3996 Siciliam
1167 3931 1219 3994 est
1241 3922 1435 4016 ingressus,
1453 3919 1617 3992 dilectum
1639 3916 1749 3988 lilium
1771 3917 1802 3988 1.
1833 3935 1965 3986 mares·

551 4043 685 4114 calcum
702 4053 736 4116 et
753 4046 996 4119 consobrinum
1009 4057 1177 4140 nostrum,
1194 4048 1346 4120 nobilem
1364 4045 1478 4118 civem
1493 4045 1699 4132 Romanum,
1714 4063 1794 4112 cum
1811 4039 1964 4112 exercitu

552 4179 669 4241 nostro
688 4151 880 4244 direximus
893 4181 1010 4246 contra
1029 4194 1123 4263 eum,
1138 4173 1199 4266 qui
1214 4171 1260 4244 de
1277 4173 1366 4268 ipso,
1382 4169 1528 4242 faciente
1540 4167 1700 4257 Domino,
1715 4187 1795 4236 cum
1809 4163 1964 4237 exercitu

552 4303 612 4365 tuo
637 4294 836 4370 mirabiliter
858 4297 1095 4392 triumphavit.
1115 4297 1165 4369 lta
1188 4295 1283 4392 quod
1312 4295 1378 4367 nisi
1400 4293 1545 4389 quidam
1576 4290 1622 4365 de
1646 4290 1872 4363 familiaribus
1899 4287 1966 4360 tuis

1891 4487 1957 4496 ...-

590 4603 626 4676 (t)
643 4603 702 4661 Vox
715 4603 766 4660 ista
776 4601 892 4660 notanda
905 4601 1027 4676 quantu
1045 4598 1181 4674 encyclica
1194 4596 1367 4673 praecedenti
1383 4596 1485 4671 pluries
1502 4610 1673 4670 expressam,
1688 4594 1723 4651 de
1735 4593 1849 4668 epistola
1861 4607 1967 4667 quoque

555 4700 607 4758 sibi
620 4701 721 4775 scripta
731 4699 789 4774 ipse
803 4715 875 4775 papa
886 4700 943 4756 sine
956 4697 1038 4756 dubio
1052 4697 1227 4772 deprompsit.
