4434 5942
566 577 609 640 lo
1072 579 1285 643 balneolo!
1314 581 1488 645 sectum
1790 589 1871 669 [aar.
1891 589 1977 656 lton

569 715 606 784 iu
622 713 785 786 omnibus
806 735 897 808 quae
912 714 959 788 ad
979 715 1212 790 defensionem
1228 719 1326 813 regui
1346 727 1381 792 et
1399 719 1732 796 administrationem
1755 729 1978 821 temporalem

569 839 625 912 isli
643 840 846 930 statuerint;
864 849 899 913 et
916 841 953 912 in
964 841 1125 914 eumdem
1140 841 1282 916 modum
1294 854 1418 918 octoet
1429 845 1658 942 quadraginta
1670 849 1868 923 civitatibus
1880 853 1979 945 regui

569 962 699 1037 ibidem
713 964 909 1039 nominatis.
922 967 999 1038 Dat.
1015 967 1184 1056 Laterani,
1198 967 1278 1038 XIX
1291 967 1523 1060 latimarii
1537 969 1599 1066 (tt
1613 970 1978 1073 decemb.)‚ann011.]

379 1583 536 1694 ¹332*ssss
619 1577 832 1662 Fridericus
858 1603 926 1660 rex
947 1576 1115 1683 Siciliae,
1136 1578 1186 1659 ed
1211 1577 1505 1662 insinuationem
1532 1578 1714 1662 Gualterii
1740 1581 1973 1688 cancellarii,

395 1691 513 1752 amne.
565 1711 870 1796 Messanensibus
906 1709 1020 1792 simul
1056 1720 1094 1793 ct
1129 1710 1434 1820 Trapanensibus
1469 1713 1640 1796 concedit
1674 1721 1718 1796 ut
1751 1739 1820 1822 per
1852 1724 1975 1798 totum

564 1871 729 1956 regnum
747 1845 786 1924 in
804 1844 902 1925 mari
929 1855 965 1926 et
989 1845 1028 1924 in
1056 1844 1228 1927 meracis
1249 1845 1360 1928 liceat
1379 1845 1627 1929 mercimonia
1644 1855 1682 1928 et
1703 1871 1764 1929 res
1785 1848 1976 1958 quaslibet

565 2005 706 2088 ponere
723 1988 761 2062 et
777 1977 972 2061 extrahere
988 1987 1026 2060 et
1041 2003 1130 2060 cum
1148 1977 1292 2060 eisdem
1308 1979 1451 2060 intrare
1468 1978 1608 2088 pariter
1624 1989 1662 2062 et
1678 1979 1792 2062 exire.
2204 1987 2206 2140 p

645 2193 731 2272 (emt.
750 2209 796 2271 ap.
813 2192 869 2254 Fu.
883 2193 997 2266 Taena,
1010 2192 1054 2254 Dc
1066 2192 1116 2255 cit.
1133 2199 1161 2255 rt
1173 2191 1234 2256 reb.
1247 2200 1318 2276 pert.
1333 2191 1438 2256 Μαι.
1452 2194 1487 2256 11
1495 2191 1579 2256 Sicil.
1593 2195 1683 2278 repit,
1698 2196 1830 2258 Manum
1846 2213 1879 2276 p.
1900 2205 1968 2266 251,

683 2317 722 2362 ex
735 2299 956 2361 confirmatione
968 2299 1087 2360 Freder.
1100 2299 1161 2374 ΙΙΙ,
1176 2300 1239 2361 dat.
1260 2301 1412 2376 Messene,
1430 2309 1466 2362 te
1480 2303 1551 2362 mall
1567 2309 1703 2362 mau—
1719 2300 1794 2363 Coll.
1806 2317 1877 2364 cum
1897 2303 1972 2364 libro

682 2407 789 2486 coplall
801 2407 935 2486 privileg.
951 2405 1034 2466 urbls
1045 2405 1192 2484 Trapanl,
1203 2408 1235 2467 ln
1248 2406 1370 2468 archlro
1382 2413 1477 2469 senat.
1492 2407 1622 2470 blesam.
1638 2407 1811 2484 msmvato.)

612 2589 805 2666 Fridericns
821 2593 958 2666 favente
970 2591 1091 2665 divina
1106 2592 1286 2665 clementia
1303 2612 1368 2664 rex
1383 2591 1511 2683 Sicilie,
1523 2591 1672 2666 ducatus
1683 2589 1809 2689 Apulie
1823 2603 1859 2665 et
1875 2593 1970 2689 prin·

563 2718 697 2814 cipatus
723 2717 852 2814 Capua.
878 2715 984 2810 Regia
1011 2714 1190 2811 dignitatis
1215 2715 1421 2790 utilitatibus
1441 2715 1491 2788 nil
1513 2717 1629 2812 potius
1650 2717 1842 2813 applicatur
1863 2739 1969 2813 quam

561 2843 659 2937 quod
678 2841 900 2915 benemeritis
920 2841 1026 2935 digne
1050 2839 1251 2914 conceditur
1271 2850 1306 2914 et
1325 2841 1460 2917 devotis
1481 2839 1643 2914 fidelibus
1663 2841 1709 2914 de
1731 2863 1826 2916 mera
1845 2843 1969 2917 libera·

560 2967 655 3039 litate
679 2967 838 3059 largitum
860 2963 1096 3038 munificentia
1118 2985 1269 3060 namque
1288 2965 1385 3060 regia
1402 2973 1486 3038 tunc
1506 2963 1545 3037 lit
1562 2963 1665 3038 ditior
1681 2986 1762 3038 cum
1777 2967 1920 3040 remittit
1934 2975 1969 3038 et

561 3090 687 3163 nobilis
704 3092 794 3164 lame
809 3090 990 3164 thesauros
1006 3089 1170 3184 acquirit,
1192 3089 1391 3164 reddituum
1409 3090 1557 3164 utilitate
1573 3091 1741 3186 neglecta.
1760 3091 1846 3164 Cum
1864 3091 1969 3186 igitur

558 3235 635 3304 vos,
655 3217 749 3289 cives
764 3215 935 3306 Messene,
955 3214 1089 3310 experti
1107 3211 1226 3287 fideles
1244 3214 1364 3306 nostri,
1386 3235 1446 3309 pre
1461 3213 1583 3287 ceteris
1602 3216 1700 3310 regni
1718 3212 1878 3289 fidelibus
1895 3223 1967 3287 mm

558 3341 760 3438 parentibus
786 3340 911 3414 nostris
931 3339 1023 3414 bone
1048 3339 1213 3413 memorie
1238 3361 1345 3434 quam
1370 3349 1405 3414 et
1427 3349 1542 3413 nosue
1567 3337 1782 3424 eelsitudini,
1806 3339 1966 3436 quoties-

558 3487 709 3562 cumque
739 3465 915 3539 serviendi
941 3465 1055 3537 locum
1082 3465 1269 3538 necessitas
1293 3463 1434 3552 tribuit,
1460 3461 1607 3538 fideliter
1633 3463 1838 3556 servieritis,
1862 3465 1966 3557 juxta

465 3675 472 3694 .
556 3590 652 3684 quod
667 3587 872 3664 venerabilis
889 3589 1024 3683 Trojani
1041 3589 1193 3683 episcopi
1211 3589 1309 3683 regni
1324 3588 1439 3662 Sicilie
1455 3587 1662 3680 cancellarii,
1674 3586 1790 3661 dilecti
1802 3587 1915 3662 lidelis
1930 3597 1965 3663 et

555 3714 732 3788 familiaris
747 3714 867 3807 nostri,
878 3714 940 3810 qui
956 3713 1176 3788 devotionem
1192 3721 1343 3786 resbam
1359 3713 1395 3786 in
1411 3713 1578 3809 presentis
1595 3712 1807 3788 necessitatis
1821 3713 1964 3788 articulo

556 3839 692 3912 oculata
711 3835 781 3912 fide
799 3839 979 3933 cognovit,
999 3839 1229 3911 insinuatione
1246 3837 1341 3912 fideli
1360 3839 1608 3933 comperimus,
1627 3839 1716 3912 siem
1728 3859 1849 3912 omnes
1865 3859 1963 3912 com-

554 3961 703 4036 muniter
718 3971 788 4035 tam
805 3985 866 4058 per
883 3983 978 4034 mare
992 3983 1098 4057 quam
1114 3983 1176 4057 per
1187 3970 1312 4035 terram
1328 3961 1428 4036 nobis
1444 3961 1626 4036 studuistis
1640 3963 1771 4036 servire
1786 3961 1959 4054 devotius,

553 4086 603 4159 sic
617 4087 823 4181 generaliter
843 4087 1024 4159 universos
1039 4108 1101 4182 per
1113 4095 1222 4159 totum
1241 4107 1388 4182 regnum
1405 4097 1561 4162 nostrum
1580 4097 1649 4161 tam
1666 4107 1727 4184 per
1743 4108 1839 4161 mare
1854 4109 1962 4182 quam

552 4233 615 4307 per
637 4222 763 4286 terram
789 4214 903 4306 ampla
927 4211 1090 4285 volumus
1114 4211 1268 4285 libertate
1292 4213 1408 4286 beare.
1429 4211 1656 4287 concedimus
1679 4211 1785 4304 igitur
1808 4211 1909 4286 vobis
1926 4219 1962 4285 et

552 4337 739 4411 heredibus
756 4335 881 4410 vestris
896 4335 932 4408 iu
952 4343 1159 4432 perpetuum
1174 4345 1213 4408 ut
1228 4359 1290 4433 per
1307 4345 1417 4410 totum
1435 4359 1581 4433 regnum
1600 4345 1756 4411 nostrum
1772 4336 1909 4410 inmari
1927 4343 1961 4408 et

552 4461 693 4534 interra
718 4461 818 4534 liceat
835 4459 937 4534 vobis
955 4459 1176 4534 mercimonia
1193 4471 1228 4533 et
1246 4461 1418 4556 quaslibet
1434 4483 1490 4536 res
1507 4471 1639 4537 vestras
1656 4463 1763 4536 libere
1782 4481 1911 4558 ponere
1925 4467 1960 4533 et

551 4585 731 4660 extrahere
752 4595 884 4660 etcum
902 4584 1034 4659 eisdem
1051 4585 1178 4660 intrare
1196 4586 1303 4660 libere
1321 4585 1449 4682 pariter
1465 4595 1501 4660 et
1518 4587 1626 4660 exire.
1644 4585 1698 4661 Ad
1719 4587 1825 4678 hujus
1842 4595 1957 4659 nutem

549 4711 713 4785 libertatis
729 4712 928 4786 memoriam
945 4721 981 4785 et
997 4711 1195 4786 inviolabile
1213 4709 1481 4806 firmamentum,
1497 4731 1639 4811 presens
1657 4711 1875 4810 privilegium
1895 4731 1958 4806 per
