4382 5946
549 547 610 609 aaa
1048 547 1262 608 aaronem!
1290 531 1466 608 saccant
1768 545 1850 622 [an.
1870 544 1955 608 rara.

545 681 703 756 homines
725 680 786 776 qui
809 679 927 754 adbuc
951 681 1042 756 mole
1065 683 1178 756 carnis
1199 682 1410 774 detinentur,
1426 701 1502 755 assa
1522 701 1592 753 non
1611 689 1774 776 possunt,
1789 679 1954 777 quioquid

547 806 849 880 nnnobabentrel
863 807 1013 882 inantea
1029 829 1090 904 psr
1103 806 1224 882 fideles
1240 805 1444 880 christianos
1459 805 1620 900 consequi
1629 813 1803 902 ponunt,
1816 804 1955 902 pacilius

546 941 583 1006 ot
600 932 783 1026 tranquilla
805 952 865 1004 eos
884 931 1046 1006 volumus
1063 931 1239 1028 possidere
1258 942 1296 1003 ut
1311 933 1394 1027 ipsi,
1411 931 1497 1004 dum
1512 930 1611 1003 liberi
1634 929 1704 1002 sint
1722 931 1907 1002 atumultu
1921 940 1955 1004 et

546 1056 691 1152 strepitu
711 1077 827 1129 rerum
847 1055 1104 1130 mundanamm
1125 1057 1193 1130 snb
1207 1067 1327 1128 saneto
1343 1055 1415 1128 otio
1435 1055 1623 1128 monastice
1643 1054 1825 1148 discipline
1840 1063 1876 1126 et
1894 1055 1953 1126 vi·

547 1189 667 1254 ventoe
695 1180 812 1274 quiete
843 1179 879 1252 in
902 1189 1020 1254 sancta
1049 1181 1356 1277 contemplatione,
1379 1180 1570 1253 Creatorem
1586 1189 1742 1253 nostrum
1762 1201 1825 1275 pru
1847 1181 1953 1254 saluta

548 1311 713 1376 nostrast
730 1325 792 1399 pro
807 1312 897 1376 statu
914 1314 949 1377 et
973 1305 1132 1376 felicitate
1151 1313 1266 1378 nostra
1283 1313 1320 1376 et
1338 1303 1482 1376 Romani
1505 1303 1640 1398 imperii
1656 1301 1857 1399 expeditius
1873 1325 1954 1400 pos-

546 1429 615 1502 sint
631 1449 788 1500 exorare.
805 1427 1049 1522 significamus
1068 1429 1174 1524 igitur
1188 1429 1350 1502 omnibus
1370 1429 1504 1524 immrii
1522 1426 1685 1502 fidelibus
1701 1437 1771 1502 mm
1791 1431 1954 1524 presentis

544 1553 644 1626 etatis
659 1575 766 1648 mam
781 1553 987 1648 posteritatis
1003 1575 1204 1627 successore
1220 1553 1316 1648 quod
1332 1552 1479 1626 dilectus
1493 1561 1608 1626 noster
1623 1552 1836 1626 Ebirbardus
1849 1555 1953 1628 abbas

547 1677 592 1754 de
607 1679 732 1770 Salem,
754 1700 815 1773 pro
832 1679 1035 1753 necessitate
1047 1689 1082 1752 st
1099 1679 1145 1752 ad
1162 1679 1345 1752 utilitatem
1362 1699 1426 1751 sue
1444 1677 1588 1750 ecclesie
1603 1677 1696 1751 etad
1714 1699 1800 1750 usus
1816 1679 1952 1752 moun

545 1824 689 1876 suorum
712 1804 785 1874 Deo
811 1802 942 1877 ibidem
964 1803 1204 1894 militantium,
1222 1825 1244 1875 a
1262 1803 1387 1876 dilecto
1405 1801 1498 1876 iideli
1517 1812 1632 1874 nostro
1650 1799 1832 1875 Gbonrado
1847 1803 1951 1876 adro·

546 1937 623 2001 cato
638 1926 686 2000 de
709 1926 936 2001 Suarzinbero
954 1927 1133 2022 quoddam
1154 1927 1313 2024 predium
1336 1926 1434 2022 qood
1457 1927 1551 2002 idem
1571 1925 1749 2000 conradm
1767 1925 1868 2000 beato
1884 1947 1953 2000 ma·

547 2051 655 2125 morie
673 2051 761 2148 patri
782 2061 898 2126 nostro
916 2053 1075 2127 lleinrioo
1093 2054 1289 2149 imperatori
1306 2053 1497 2126 contulerat
1515 2061 1550 2124 et
1563 2051 1610 2124 ab
1626 2051 1703 2147 ipso
1721 2051 1757 2122 in
1776 2049 1880 2124 leudo
1902 2072 1953 2124 re·

547 2186 702 2272 ceperat,
719 2199 781 2272 pro
800 2177 958 2250 ducentis
972 2178 1097 2250 marcis
1112 2177 1325 2272 comparavit
1340 2201 1350 2246 ε
1368 2175 1531 2249 videlicet
1551 2175 1695 2248 Runstal
1716 2196 1795 2247 cum
1814 2175 1954 2248 eeclesia

549 2301 752 2396 parrochiali
769 2301 805 2372 in
824 2301 1100 2396 Herbogiuwilar
1117 2311 1153 2374 et
1169 2301 1246 2374 aliis
1263 2299 1474 2396 quibusdam
1496 2299 1767 2394 possessionibus
1782 2299 1819 2371 iu
1834 2299 1953 2372 wdem

549 2423 629 2496 vico
644 2431 679 2495 et
694 2423 730 2494 in
744 2422 898 2496 lliethein
915 2432 950 2495 et
964 2423 999 2494 in
1013 2422 1161 2496 Ubiraoh
1176 2431 1211 2494 et
1224 2423 1260 2494 in
1274 2421 1466 2494 Durrehein
1479 2443 1559 2494 cnm
1573 2421 1734 2494 omnibus
1746 2420 1954 2515 appendiciis

549 2547 635 2636 suis,
655 2545 818 2620 videlicet
833 2547 961 2642 pratis,
982 2547 1136 2642 pascois,
1158 2547 1258 2620 terris
1275 2548 1377 2619 cultis
1394 2556 1429 2618 et
1446 2546 1602 2636 incultis,
1624 2545 1837 2636 nemoribus,
1857 2545 1954 2640 aquis

549 2693 786 2768 aquarumque
807 2671 1031 2762 decursibus,
1056 2683 1090 2744 et
1107 2694 1187 2744 curn
1202 2671 1401 2745 molendino
1417 2671 1569 2765 quodam
1586 2671 1622 2742 in
1643 2669 1803 2763 vilingen
1818 2691 1860 2743 ao
1878 2693 1953 2742 cum

549 2797 747 2870 bominibus
764 2795 945 2892 uniusque
963 2818 1070 2870 sexus
1087 2807 1123 2870 et
1140 2819 1219 2869 cum
1235 2797 1397 2870 omnibus
1413 2795 1564 2890 denique
1577 2816 1648 2890 que
1667 2795 1820 2890 predicto
1840 2795 1957 2890 predio

549 2920 776 2993 dinoscuntur
801 2919 957 2994 attinere.
987 2921 1081 2994 llano
1104 2919 1209 3015 igitur
1231 2921 1439 3015 emptionem
1465 2930 1502 2992 et
1526 2919 1759 2992 venditionem
1780 2920 1956 3014 quainter

546 3044 730 3138 jamdictos
753 3043 871 3118 fideles
888 3055 1024 3119 nostros
1040 3045 1129 3118 iacta
1146 3055 1199 3118 est
1216 3045 1460 3142 approbamus,
1480 3053 1515 3118 et
1531 3047 1701 3140 prelatum
1714 3043 1875 3140 predium
1892 3043 1954 3140 ipsi

549 3169 667 3242 abbati
692 3177 727 3242 at
754 3169 897 3244 ecclesie
927 3171 964 3242 in
993 3171 1105 3243 Salem
1137 3179 1252 3244 nostm
1280 3169 1376 3261 regia
1403 3169 1603 3243 auctoritate
1627 3191 1691 3264 pro
1714 3170 1825 3242 saluts
1844 3169 1954 3242 anima

551 3302 665 3367 nostra
682 3315 817 3368 necnon
834 3303 869 3367 et
886 3303 1066 3391 parentum
1086 3304 1278 3370 nostrorum
1299 3295 1423 3370 damus
1440 3304 1475 3367 et
1492 3293 1747 3368 confirmamus.

599 3417 743 3512 Signum
776 3417 907 3492 domini
937 3417 1099 3491 Friderici
1126 3419 1289 3506 moundi,
1314 3419 1544 3492 Romanorum
1568 3418 1660 3513 regis
1682 3417 1900 3490 invictissimi
1923 3426 1957 3490 et

549 3541 642 3635 rogis
659 3542 786 3614 Sicilia.

598 3667 708 3758 Hujus
725 3667 775 3740 rei
800 3675 904 3740 testas
926 3675 1008 3740 sunt
1029 3668 1177 3742 Sitridos
1194 3669 1425 3764 augustensis
1446 3669 1650 3765 episcopos,
1669 3667 1843 3742 Amnldus
1867 3668 1954 3740 Chu-

550 3789 673 3863 riensis
690 3790 885 3886 episcopus,
901 3791 1079 3866 Conradus
1091 3793 1366 3868 Constancisnsis
1382 3795 1578 3892 episeopus,
1593 3793 1774 3868 Heinrious
1788 3793 1955 3888 Augensis

549 3915 680 4006 abbas,
709 3915 843 3988 Ulricus
869 3915 978 3990 abbas
1002 3917 1117 3990 Sancti
1146 3915 1252 4008 Galli,
1278 3917 1457 3992 Conmdns
1482 3919 1591 3992 abbas
1612 3917 1845 4006 Faberiansis,
1874 3919 1955 3990 Ber·

549 4039 690 4113 tboldus
712 4039 820 4112 abbas
842 4041 1112 4129 Heremitarum,
1137 4042 1246 4116 abbas
1269 4042 1316 4116 da
1338 4041 1551 4130 Vizenburo,
1572 4041 1680 4116 abbas
1703 4040 1952 4130 bisontinensis,

549 4163 657 4238 abbas
669 4164 910 4260 llinaugeusis,
921 4165 1089 4240 liudolfus
1101 4189 1215 4240 comes
1229 4166 1401 4263 palatinus
1415 4167 1460 4240 de
1472 4166 1819 4262 Tuiwingen,oomes
1826 4165 1955 4239 Utrieus

548 4289 595 4362 de
611 4289 740 4362 Kibure
761 4300 796 4362 et
814 4288 875 4362 lilii
893 4291 969 4383 ejus
985 4291 1194 4365 Wernbsrns
1210 4303 1244 4365 at
1261 4294 1504 4385 Hartmannus,
1522 4291 1684 4367 Albartus
1701 4313 1817 4364 comes
1833 4289 1878 4364 de
1893 4289 1955 4361 lli-

549 4414 684 4508 lingen,
704 4415 897 4489 Buroardus
919 4437 1034 4489 comos
1057 4417 1102 4490 de
1124 4415 1339 4508 Hobinberc,
1359 4418 1590 4490 Hmtmannus
1611 4437 1727 4490 comes
1745 4416 1790 4489 dc
1807 4416 1954 4488 Wirlsn·

549 4539 629 4610 berc
645 4547 680 4612 et
696 4540 906 4614 Ludewious
923 4542 1027 4614 trater
1043 4541 1132 4634 ejus,
1144 4561 1260 4614 nomes
1275 4540 1444 4616 liudolfus
1456 4540 1501 4615 da
1516 4541 1729 4632 llabssburo,
1750 4561 1864 4614 eomes
1878 4539 1954 4610 ller-

549 4661 690 4736 tboldus
704 4663 749 4738 do
764 4665 1000 4758 Sacmmonte,
1015 4687 1129 4740 comes
1147 4667 1247 4760 llngo
1266 4666 1312 4740 de
1327 4667 1531 4761 Monteiorti,
1543 4675 1578 4740 et
1595 4667 1654 4740 ulii
1672 4666 1906 4763 quamplures.
