4334 5980
482 452 544 516 ἥδ
983 455 1196 518 Fuluuulcl
1220 455 1395 518 succum
1706 455 1786 538 [Αιι
1804 459 1890 522 1212

485 589 555 663 tica
580 587 685 686 qua'm
711 591 879 664 secularia
905 599 940 664 et
965 591 1232 666 consuetudines
1258 590 1465 688 appmbatas
1490 612 1560 686 que
1589 589 1683 665 idem
1711 594 1892 691 episcopus

486 723 557 787 um
576 713 612 785 in
633 713 772 788 civitate
786 715 1035 788 wormaciensi
1047 737 1153 810 mam
1171 714 1208 786 in
1224 713 1365 788 abbatia
1382 713 1594 786 laurissensi
1610 735 1715 810 mam
1734 715 1837 790 etiam
1856 718 1892 788 in

486 837 625 934 oppidis
639 847 674 912 et
687 839 807 914 castris
821 839 888 912 sibi
903 839 1067 934 subjectis
1080 840 1208 914 habere
1226 839 1404 914 consuevit
1416 839 1473 912 vel
1488 859 1558 934 quc
1571 838 1619 912 ad
1631 861 1711 913 enm
1724 841 1893 936 pertinere

486 971 693 1052 noscuntur,
718 964 751 1036 ei
782 965 987 1038 remittimus
1015 965 1145 1038 illibata
1167 973 1207 1036 nt
1235 965 1310 1036 sine
1336 963 1491 1058 quolibet
1515 962 1763 1059 impedimento
1789 965 1893 1040 libere

486 1095 603 1160 utatur
617 1087 761 1162 eisdem.
782 1088 983 1162 Dimisimus
1008 1089 1111 1164 etiam
1129 1089 1196 1184 ipsi
1216 1097 1252 1162 et
1268 1087 1412 1162 ecclesio
1426 1083 1669 1162 Wormatiensi
1687 1087 1899 1164 Neclrerawc

486 1231 566 1284 cnm
588 1211 750 1286 omnibus
771 1213 894 1288 usibus
915 1223 949 1287 at
970 1213 1191 1311 appenditiis.
1213 1214 1257 1286 Ut
1280 1221 1396 1286 antem
1416 1211 1632 1286 commodius
1649 1222 1684 1286 ct
1701 1223 1894 1310 competen-

485 1336 555 1410 tius
572 1337 688 1412 omnia
704 1339 871 1434 premissa
887 1337 1045 1412 debitum
1058 1339 1245 1412 sortiantur
1259 1338 1438 1429 effectum,
1452 1338 1615 1410 volumus
1630 1345 1664 1409 et
1675 1337 1840 1430 jubemus
1856 1347 1895 1410 nt

487 1461 687 1536 anctontate
707 1463 845 1558 propria
862 1463 1058 1558 sepedictus
1077 1461 1261 1558 spiscopus
1282 1483 1325 1535 ea
1350 1459 1513 1536 vendicet
1535 1470 1572 1534 ct
1595 1461 1632 1533 in
1646 1481 1746 1536 snam
1765 1462 1896 1558 redigat

486 1593 701 1681 potestatem.
724 1587 963 1660 Concessimns
978 1608 1120 1682 qnoque
1140 1587 1207 1682 ipsi
1223 1595 1263 1658 nt
1277 1607 1524 1682 quamcunque
1539 1587 1737 1684 petitionem
1756 1587 1794 1658 in
1812 1588 1896 1660 civi·

488 1719 556 1783 tate
566 1710 808 1784 Wormatiensi
826 1711 922 1808 apud
939 1713 1129 1806 burgenses
1147 1713 1222 1786 sive
1234 1711 1360 1806 judeos
1374 1713 1486 1786 iacere
1500 1712 1724 1806 voluerimus,
1738 1733 1800 1808 par
1817 1735 1895 1787 eum

488 1833 600 1908 solnm
617 1843 652 1907 et
668 1855 737 1908 non
755 1857 816 1930 per
833 1836 937 1910 aliam
953 1858 1135 1933 personam
1153 1836 1334 1910 iaciamus.

537 1957 623 2031 Acta
651 1967 732 2031 sunt
759 1959 825 2032 boo
855 1962 1074 2056 presentibus
1097 1961 1230 2035 dilectis
1254 1959 1378 2034 nostris
1399 1959 1536 2056 sytndo
1561 1959 1816 2054 Magantinensi
1843 1983 1896 2034 ar·

490 2081 725 2180 abepiscopo,
745 2085 930 2180 apostolius
952 2084 1052 2159 Sedis
1075 2086 1206 2182 legato,
1234 2085 1392 2160 Conrado
1419 2086 1564 2159 Matensi
1592 2095 1627 2158 et
1647 2085 1798 2182 Spirensi
1824 2085 1898 2180 epi-

491 2227 613 2304 seopo,
631 2206 819 2303 imperialis
834 2211 914 2282 aule
935 2211 1156 2302 cancellario,
1173 2210 1319 2284 llenrico
1340 2205 1583 2305 argentinensi
1605 2209 1785 2306 episcopo,
1806 2209 1898 2282 Wol-

491 2331 601 2404 lramo
616 2331 741 2405 abbate
756 2331 802 2406 de
815 2334 1043 2429 Wizcnbnrg,
1063 2333 1237 2408 Friderioo
1251 2333 1341 2406 duce
1355 2334 1586 2430 lotharingie,
1601 2335 1726 2408 comite
1740 2335 1902 2430 Boppono

491 2431 690 2550 dolosus,
711 2457 895 2533 Bartholdo
913 2459 958 2532 de
975 2459 1110 2532 Alevelt
1127 2468 1162 2532 ct
1180 2460 1257 2532 aliis
1274 2460 1552 2556 quampluribus.

539 2583 664 2654 Datum
681 2583 921 2678 Hagenauwc,
940 2585 985 2656 lll
1001 2605 1110 2658 nonas
1126 2584 1291 2678 octobris,
1310 2583 1497 2660 indictione
1513 2585 1588 2658 XV.

288 3224 467 3334 wgpggtm,
546 3209 692 3294 Interea
717 3211 930 3297 Fridericus
956 3237 1023 3298 rex
1050 3212 1211 3322 Apuliae
1236 3220 1274 3294 ct
1304 3237 1372 3296 rex
1396 3179 1579 3301 Francius
1605 3207 1654 3291 ad
1672 3206 1907 3316 colloquium

297 3334 462 3380 roomo
493 3347 722 3430 conveniunt
740 3347 780 3428 in
798 3347 883 3430 loeo
900 3346 968 3457 qui
986 3347 1125 3430 dicitur
1141 3345 1394 3430 Vallis-Color
1415 3345 1456 3426 in
1483 3343 1625 3428 octaris
1652 3342 1780 3426 Sancti
1796 3341 1903 3428 llar-

494 3478 584 3586 tini,
605 3479 773 3562 maxima
800 3481 914 3564 turba
939 3480 1153 3590 principum
1175 3489 1213 3562 et
1229 3478 1396 3562 militum
1414 3477 1597 3563 comitati.
1618 3477 1770 3560 limana.
1793 3475 1902 3558 bnon.

496 3637 558 3721 up.
580 3612 774 3720 Ronanus,
794 3621 941 3710 Fontes,
964 3624 994 3696 t.
1012 3613 1066 3721 fl,
1086 3642 1125 3724 p.
1148 3615 1241 3695 580.
1253 3661 1308 3676 --·
1320 3613 1465 3696 Eodem
1482 3637 1585 3694 anno
1602 3609 1833 3693 celebrabam
1851 3617 1908 3691 cst

497 3745 732 3857 colloquium
750 3747 847 3830 inter
864 3749 1042 3830 eumdem
1060 3747 1291 3832 Fridericum
1313 3755 1351 3831 et
1372 3747 1589 3857 Philippum
1616 3743 1909 3855 magnanimum

500 3907 630 3995 regem
648 3881 828 3964 Franciae
849 3882 952 3992 apud
968 3880 1116 3964 Vallem
1136 3881 1300 3988 Coloris,
1320 3881 1475 3966 Metensi
1500 3880 1676 3990 episcopo
1701 3877 1904 3960 mediante.

503 4017 573 4102 Cui
607 4027 735 4102 umen
779 4043 856 4100 non
890 4015 1060 4099 interluit
1095 4015 1174 4126 ipsc
1208 4041 1297 4124 rex,
1328 4015 1395 4098 scd
1431 4013 1652 4100 ludewicus
1689 4009 1791 4092 filins
1826 4007 1909 4118 ejus

500 4149 776 4264 primogenitus
794 4175 882 4232 cum
905 4147 1148 4260 magnatibus
1165 4147 1295 4260 regni3
1314 4155 1352 4230 et
1366 4152 1633 4258 percusserunt
1656 4143 1791 4227 foedus
1813 4141 1912 4223 inter

502 4312 543 4372 se
562 4286 623 4400 (1)
642 4297 679 4372 ct
696 4293 971 4372 renovaverunt
989 4285 1173 4368 amicitias
1188 4291 1408 4394 perpetuas,
1429 4281 1525 4364 sicut
1546 4279 1701 4364 lircrunt
1721 4277 1820 4359 inter
1836 4299 1910 4360 eo-

538 4611 574 4686 (t)
591 4611 660 4669 iloto
668 4610 782 4686 tempori
792 4608 1042 4668 satbenooonrenit
1051 4607 1122 4682 quod
1131 4606 1166 4666 ad
1175 4608 1421 4668 annultnarrat
1433 4600 1701 4677 obrosiostrmpstr.
1709 4613 1753 4673 ap.
1762 4596 1911 4666 ummo
1992 4681 1998 4694 ι
