4378 5954
261 549 361 610 1rncr.
376 543 420 627 ἃ]
709 541 905 604 HISTORIA
932 539 1225 604 utuuoututcll.
1613 547 1672 610 113

262 681 412 754 Marcelli
443 689 477 752 st
501 678 592 752 Petri
622 679 858 774 presbyterum
889 677 1122 768 cardinalem,
1141 678 1360 752 casinensem
1378 681 1559 773 abbatem,
1584 691 1669 758 tunc

263 803 456 897 Apostolics
477 801 577 874 Sedis
593 802 760 894 legatum,
782 800 827 874 ds
848 799 1011 873 mandato
1034 812 1149 873 nostro
1168 803 1403 876 mediantibus
1424 814 1459 876 ct
1474 807 1672 897 jurantibus

265 927 490 1000 familiaribus
507 926 701 1017 utriusque,
718 925 890 1019 sponsalia
906 925 975 996 sint
991 936 1174 1015 eontracta,
1195 937 1307 1020 preter
1323 926 1360 1000 id
1378 927 1475 1020 quod
1493 929 1586 1002 dicta
1602 931 1673 1005 iilia

266 1061 325 1124 tua
340 1053 455 1146 ipsum
470 1071 587 1144 regem
603 1051 717 1120 Sicilie
732 1049 823 1122 linea
844 1051 1150 1142 consanguinitatis
1167 1051 1321 1144 attingit,
1340 1073 1449 1144 quare
1471 1075 1539 1124 non
1559 1067 1675 1150 posset

270 1175 384 1248 eidem
411 1174 626 1247 matrimonio
650 1173 824 1266 copulari,
848 1173 1018 1246 sustinere
1041 1195 1111 1246 nou
1139 1195 1319 1268 possemus
1343 1175 1460 1270 aliqua
1484 1178 1617 1252 ratione
1636 1191 1677 1252 ut

270 1277 387 1372 contra
404 1301 471 1372 boc
487 1298 583 1392 quod
602 1297 682 1370 binc
701 1297 784 1370 inde
803 1295 907 1370 nobis
927 1297 1199 1392 approbantibus
1213 1307 1265 1370 est
1283 1297 1468 1391 firmatum,
1486 1303 1677 1378 tomeritate

271 1425 427 1518 qualibet
442 1424 633 1496 veniretur.
652 1423 721 1494 Nos
734 1432 852 1495 autum
867 1444 912 1494 ne
932 1422 1075 1515 sanguis
1089 1433 1170 1494 tuus
1183 1421 1228 1495 ds
1245 1423 1370 1496 nostris
1388 1425 1547 1498 manibus
1560 1428 1678 1522 requi·

273 1558 379 1634 ratur,
399 1547 495 1643 quod
512 1557 670 1620 tenemur
690 1569 735 1620 ex
757 1546 912 1639 injuncto
929 1547 1030 1618 nobis
1048 1546 1161 1620 officio
1177 1547 1223 1618 de
1242 1547 1353 1620 salute
1370 1550 1486 1624 animo
1509 1563 1568 1626 tue
1587 1553 1682 1626 solli·

274 1674 340 1745 cite
352 1673 524 1766 cogitare,
541 1672 708 1744 nobilitati
725 1681 785 1744 tue
805 1693 868 1766 per
882 1671 1069 1766 apostolice
1084 1671 1211 1764 scripta
1227 1671 1433 1745 mandamus
1454 1683 1490 1745 ot
1503 1675 1539 1746 in
1553 1676 1681 1750 virtute

274 1797 421 1892 Spiritus
455 1796 573 1869 Sancti
604 1795 758 1868 districte
790 1795 1002 1890 precipimus
1040 1803 1212 1888 quatenus
1241 1816 1325 1866 usus
1361 1795 1504 1870 consilio
1532 1797 1680 1891 saniori,

275 1919 434 1993 eamdem
457 1919 562 1993 filiam
586 1929 681 1992 tuam
707 1919 862 2014 predicto
886 1919 962 2012 regi
985 1940 1112 2014 sponso
1130 1940 1207 2008 suo,
1224 1918 1315 1990 sicut
1336 1920 1478 2014 prestito
1489 1921 1685 2012 juramento

277 2045 417 2134 teneris,
437 2046 573 2118 tradere
587 2065 655 2116 nun
672 2045 812 2117 differas
829 2044 866 2114 in
880 2065 1043 2133 uxorem,
1061 2045 1152 2116 lume
1165 2052 1225 2114 tus
1239 2044 1424 2116 consulens
1437 2053 1473 2116 et
1483 2046 1598 2138 saluti,
1615 2054 1682 2122 stcss

325 2171 450 2242 Datum
468 2171 575 2242 Romo
592 2168 688 2264 apud
708 2169 872 2241 Sanctum
892 2169 1050 2256 Petrum,
1065 2169 1112 2239 ·Vl
1131 2166 1297 2240 kalendas
1316 2169 1533 2263 novembris,
1550 2170 1688 2267 pontili-

278 2303 377 2368 catns
394 2295 501 2368 nostri
518 2317 610 2368 auno
627 2295 701 2369 Vll.

686 2843 798 2906 burto
820 2841 1238 2909 1205.-1Nu1cT10Nll
1263 2841 1291 2904 8.

867 3117 1107 3142 ...ιο-η

341 3361 553 3445 Fridericus
585 3387 651 3443 rex
683 3359 832 3444 Siciliae
863 3357 1124 3440 concessiones
1155 3354 1333 3465 hospitali
1371 3355 1530 3438 Sanctae
1562 3355 1701 3439 Mariae
1743 3386 1770 3430 ι
1779 3382 1902 3490 tigrius

291 3493 611 3578 Theutonicorum
643 3519 667 3575 a
698 3489 876 3600 seprius
907 3488 1027 3571 factas
1062 3497 1238 3591 renovat,
1272 3487 1401 3570 addito
1432 3487 1537 3596 quod
1570 3488 1702 3571 domui
1786 3493 1859 3547 ⁸¹²¹¹¹

292 3627 452 3710 Sanctae
478 3627 671 3708 Trinitatis
697 3627 746 3707 de
767 3625 956 3706 Panormo
977 3621 1140 3706 villanos
1166 3619 1302 3702 casalis
1319 3619 1442 3704 Politii
1460 3631 1498 3704 et
1515 3623 1704 3732 quasdem

292 3769 412 3842 terras
430 3759 571 3842 ibidem
589 3758 806 3870 designatas
824 3758 942 3840 donst
959 3755 999 3836 in
1017 3763 1255 3864 perpetuum.

374 3975 469 4052 (Sdld.
483 3975 687 4047 Moncmonn,
698 3974 796 4034 Mum.
811 3972 846 4035 S.
865 3971 1021 4033 Trinitatis
1033 3987 1161 4032 mcum.
1176 3968 1704 4049 tur.,e.1v,p.1s,ap.umr1un‚

419 4081 556 4142 muner.
572 4081 663 4162 antiq.
680 4077 808 4153 sictut.
826 4077 920 4157 xlv.)

346 4267 386 4338 ln
403 4265 541 4338 nomine
560 4265 625 4338 Dei
642 4265 751 4338 eterni
769 4275 804 4338 ut
819 4263 1003 4338 salvatoris
1023 4264 1129 4338 nostri
1148 4265 1231 4338 Jesu
1249 4264 1387 4355 Christi,
1406 4264 1559 4337 feliciter.
1577 4264 1703 4340 Amen.

297 4389 493 4464 Fridericus
516 4389 635 4462 divina
657 4391 794 4462 lavento
813 4390 997 4462 clementie
1013 4411 1076 4461 rex
1093 4390 1228 4479 Sicilie,
1252 4390 1400 4462 ducatus
1412 4388 1537 4486 Apulis
1556 4399 1592 4462 ot
1611 4391 1706 4486 prin-

299 4515 434 4610 cipatus
462 4515 589 4610 Copue.
621 4512 778 4607 Dignitss
803 4515 899 4610 regia
923 4523 1007 4586 tunc
1031 4514 1243 4586 multimodis
1273 4515 1442 4610 preconiis
1467 4515 1650 4611 ampliatur
1675 4527 1710 4590 et

299 4639 437 4730 rutilat,
457 4661 537 4712 cum
552 4639 773 4712 ecclesiarum
797 4650 832 4712 et
851 4639 1004 4712 locorum
1024 4639 1275 4712 venerabilium
1299 4640 1504 4714 utilitatibus
1523 4641 1711 4718 clementer

401 4763 427 4824 1.
1516 4774 1551 4826 1⁵
