4382 5946
468 477 529 539 342
965 477 1178 538 intuente!
1204 479 1377 541 stcuuot
1689 483 1769 562 [Aac.
1790 483 1876 546 1214.

517 610 753 684 Conditionem
774 611 877 702 hujus
899 613 1089 684 testamenti
1108 623 1312 689 attestantur
1329 615 1508 688 Conradns
1528 617 1766 708 cancellarius,
1786 621 1878 692 Hen-

467 737 560 808 rieus
580 735 838 828 Argentinensis
860 736 1063 832 episcopus,
1086 739 1278 812 Richardns
1299 741 1525 830 camerarius,
1549 742 1716 814 Henricus
1738 741 1773 814 et
1792 743 1875 816 ller-

469 882 616 932 mannns
640 860 837 950 camerarii,
864 861 1012 934 Siiridus
1033 872 1067 934 et
1094 863 1286 936 Fridericns
1309 865 1537 938 marescalcus
1557 863 1649 960 (ric),
1671 865 1878 940 Gndeiridns

469 985 652 1076 scultetus,
672 985 864 1056 Friderious
882 984 1073 1058 advocatus
1090 987 1135 1060 de
1151 989 1357 1080 Haguenuu,
1373 989 1641 1080 blidemundus,
1660 989 1874 1085 liudegerus,

469 1109 682 1199 tvottetinus,
704 1110 781 1182 Otto
800 1109 941 1200 notarii,
961 1109 1165 1183 Wolielinus
1183 1111 1395 1200 cellerarius,
1414 1111 1562 1184 Sitridns
1584 1122 1619 1184 et
1639 1114 1810 1186 Walterus
1832 1113 1878 1186 de

467 1232 699 1304 Gottertbeim.

515 1357 640 1427 Actum
657 1356 794 1452 publice
807 1379 826 1428 a
840 1369 991 1452 tempore
1005 1359 1114 1451 gratie
1127 1381 1218 1430 anno
1232 1359 1421 1452 atecxtttt
1435 1359 1624 1433 indictione
1633 1360 1685 1456 ll(
1710 1365 1756 1454 ¹),
1769 1385 1878 1434 nonas

469 1481 660 1554 decembris
679 1481 743 1577 (l).

714 1781 1596 1798 -u—--n--u--n———n--u—-nm———n
1603 1787 1631 1800 ι.

522 2071 750 2174 Fridericus‚
781 2068 1039 2150 Romanorum
1075 2095 1161 2172 rex,
1186 2070 1469 2152 conventionem
1507 2071 1645 2152 lactem
1680 2071 1879 2154 confirmat

468 2208 566 2288 iuter
596 2203 811 2312 Erphoneur
844 2203 891 2283 de
923 2201 1245 2286 Nitherdsbausen
1275 2229 1321 2284 ex
1353 2231 1430 2284 nnn
1456 2215 1562 2312 parte
1589 2215 1626 2285 ct
1651 2213 1878 2286 conventum

471 2339 629 2420 Sanctae
649 2335 807 2418 Ceoiliae
824 2336 861 2414 iu
878 2333 1044 2416 llasdori
1058 2361 1102 2414 ex
1122 2333 1255 2442 altera,
1272 2363 1386 2444 super
1402 2337 1629 2444 proprietate
1646 2335 1759 2418 castri
1773 2339 1878 2446 quod

470 2473 568 2553 idem
583 2469 710 2579 Erpho
728 2469 766 2548 in
787 2467 927 2550 allodio
946 2477 1152 2550 conuentus
1169 2467 1337 2576 ejusdem
1358 2468 1636 2574 aedificaverat3
1657 2470 1879 2550 conventio-

470 2632 537 2688 nes
556 2604 669 2686 simul
688 2603 800 2682 initas
820 2609 1006 2682 memorat
1024 2611 1061 2680 et
1079 2601 1235 2682 nomina
1253 2599 1422 2708 testium,
1434 2601 1500 2710 qui
1512 2601 1728 2712 juramento
1742 2601 1791 2683 ab
1809 2601 1879 2682 Er-

470 2739 595 2846 pbone
613 2735 791 2844 praestito
810 2731 1075 2813 iuterfuerunt.

549 2952 646 3026 (Edld.
661 2951 835 3020 Suessula,
851 2949 988 3008 Dinocrate
1004 2943 1155 3014 satiem„
1171 2947 1289 3008 Probat.
1300 2963 1330 3024 p.
1348 2955 1418 3021 ato,
1432 2957 1465 3006 n⁰
1479 2947 1585 3024 XLVI,
1600 2963 1637 3006 ex
1650 2947 1832 3026 autographo
1845 2954 1880 3008 ut

588 3059 667 3116 dtctt.
681 3057 866 3118 Notatlouom
881 3071 950 3114 vero
961 3054 1020 3114 dlcl
1033 3059 1065 3114 et
1076 3055 1185 3114 mensis
1200 3069 1277 3132 man
1291 3053 1401 3114 tbldam
1413 3053 1505 3126 deest,
1518 3052 1632 3114 addtdtt
1650 3069 1689 3112 ex
1711 3055 1879 3114 momento

589 3163 717 3224 Haunku
734 3163 939 3232 Bounomos,
950 3159 1076 3240 Repert„
1091 3177 1122 3238 p.
1141 3170 1190 3238 to,
1201 3169 1234 3220 n·
1246 3163 1329 3236 tot.)

519 3349 556 3418 ln
581 3345 720 3417 nomine
747 3353 862 3416 sancte
885 3354 919 3414 et
942 3341 1123 3416 individue
1139 3341 1324 3414 Trinitatis.
1348 3341 1540 3414 Fridericus
1560 3341 1677 3414 divina
1701 3343 1878 3415 clementia

470 3473 605 3546 favente
619 3471 848 3542 Romanorum
865 3489 927 3540 rex
945 3478 979 3540 et
997 3488 1134 3561 semper
1151 3475 1320 3560 augustus
1334 3475 1368 3538 et
1381 3489 1445 3538 rex
1458 3465 1587 3548 Sicilie,
1605 3467 1640 3538 in
1659 3477 1874 3563 perpetuum.

472 3593 787 3666 CumeoclasiisDei
801 3603 967 3664 eteorum
983 3591 1148 3662 ministris
1161 3589 1220 3684 qui
1236 3589 1355 3662 divino
1367 3591 1473 3662 cultui
1485 3591 1614 3684 jugiter
1625 3591 1807 3685 inuigilant
1822 3613 1879 3687 pa·

472 3739 545 3790 cem
565 3726 600 3788 et
617 3717 833 3787 securitatem
848 3713 1034 3810 providere
1047 3713 1266 3804 studeamus,
1282 3713 1329 3786 ad
1343 3713 1449 3786 nostri
1464 3715 1561 3808 regni
1574 3723 1700 3786 statum
1714 3726 1879 3788 aneteme

474 3839 706 3914 retributionis
732 3841 900 3934 premium
929 3837 1094 3934 prolicere
1115 3839 1257 3910 minime
1279 3837 1491 3910 dubitamus.
1517 3839 1658 3911 Noverit
1680 3839 1785 3933 igitur
1804 3861 1877 3912 om·

474 3965 570 4036 nium
589 3963 686 4058 regni
705 3961 810 4036 nostri
829 3970 899 4033 tam
919 3983 1061 4056 presens
1076 3971 1149 4034 etus
1162 3983 1267 4056 quam
1283 3983 1484 4034 successura
1495 3963 1673 4056 posteritas
1690 3962 1787 4056 quod
1799 3983 1877 4033 cum

474 4089 586 4184 llrpho
610 4087 656 4160 de
683 4085 977 4160 Nithardesbusen
1003 4086 1189 4180 quemdam
1217 4095 1369 4158 montem
1398 4083 1443 4158 de
1469 4084 1674 4179 proprietate
1698 4095 1733 4158 et
1753 4085 1880 4158 allodio

474 4215 574 4286 Bnate
594 4213 718 4285 Cecilie
734 4213 768 4282 in
789 4211 982 4306 liescadorp
1001 4221 1119 4283 contra
1130 4210 1299 4302 justitiam
1316 4209 1481 4282 violenter
1501 4219 1705 4305 occupasset
1719 4219 1754 4282 et
1771 4210 1807 4280 in
1823 4230 1877 4295 eo,

737 4405 799 4412 ιιι-..-
807 4397 1873 4412 *wc-‘-

510 4524 547 4596 (Ι)
564 4523 684 4580 Testium
698 4521 804 4578 uomina
821 4527 849 4576 et
861 4517 938 4578 locus
953 4533 1015 4574 mox
1035 4519 1062 4573 in
1081 4517 1203 4589 sequenti
1222 4515 1382 4572 documento
1402 4514 1557 4572 indicandus
1573 4529 1652 4572 omno
1663 4513 1774 4570 dubium
1788 4513 1883 4571 tollunt

474 4623 539 4694 (prin
553 4621 603 4676 ista
616 4617 722 4676 traditio
736 4617 806 4692 apud
821 4617 970 4688 llaguanau
983 4613 1054 4670 iacta
1067 4613 1154 4672 tuerit.
