4378 5954
513 509 553 574 re
1009 507 1224 574 rutnnnrcr
1248 504 1421 570 sncuunr
1734 501 1815 582 [aaa
1834 499 1919 564 reor.

517 643 611 720 diam
622 641 870 718 etdiocreonm
884 644 1050 720 Ezechiar
1063 671 1081 714 a
1091 646 1141 718 Sit
1150 667 1223 742 pax
1231 643 1401 720 etveritas
1412 643 1449 712 in
1461 637 1588 713 diebm
1599 637 1767 730 noeais»,
1777 637 1859 710 nesi
1870 657 1923 710 se·

516 769 588 842 euti
603 767 801 842 fuerimusa
815 771 918 861 longe
928 779 968 842 nt
979 770 1162 844 videamus
1173 767 1292 860 tinem,
1303 789 1383 842 cum
1397 766 1498 838 Petro
1510 762 1651 836 tandem
1661 763 1840 836 veritatem
1853 782 1923 856 qne

516 891 670 964 Christus
688 900 739 965 est
756 913 882 988 negare
898 915 1076 988 cogamur,
1093 914 1173 965 cum
1187 892 1364 986 negotium
1382 887 1477 962 istud
1494 885 1695 960 dilationem
1708 907 1778 958 non
1794 883 1920 979 capiat,

516 1040 597 1091 cum
619 1017 697 1090 Otto
714 1027 749 1092 et
770 1041 832 1114 per
854 1039 893 1092 se
916 1019 1064 1093 devotus
1085 1018 1213 1092 existat
1230 1013 1383 1090 Ecclesie
1404 1023 1440 1087 et
1456 1033 1504 1086 ex
1521 1019 1670 1106 utroque
1695 1022 1792 1106 parte
1813 1006 1925 1080 tmhat

515 1141 683 1235 originem
702 1163 748 1214 cx
765 1165 891 1237 genere
911 1144 1135 1235 devotorum,
1150 1163 1198 1216 ex
1213 1151 1310 1238 parte
1325 1139 1444 1214 matris
1460 1138 1505 1212 de
1522 1136 1627 1210 domo
1647 1155 1768 1229 regum
1784 1131 1920 1226 Anglie,

515 1285 563 1336 ex
578 1273 674 1360 parta
690 1266 797 1361 patris
812 1267 858 1341 de
871 1267 1032 1364 prosapia
1045 1267 1176 1341 ducum
1189 1265 1353 1355 saxonie,
1365 1263 1426 1360 qni
1444 1281 1565 1336 omnm
1580 1259 1734 1335 Ecclesia
1751 1258 1847 1331 tuere
1862 1253 1924 1329 de-

515 1390 587 1463 voti
604 1398 639 1463 et
650 1391 842 1487 specialiter
854 1393 1035 1465 Lotharins
1051 1391 1235 1488 imperator
1249 1411 1401 1486 pmavus
1418 1389 1494 1482 ejm
1507 1383 1569 1481 qni
1586 1383 1642 1456 bis
1654 1405 1717 1479 pro
1730 1380 1925 1478 Apostolioe

514 1513 613 1586 Sedis
628 1515 757 1588 honore
776 1513 940 1611 Apuliam
957 1524 1009 1589 est
1029 1515 1205 1608 ingressus
1223 1525 1258 1588 et
1275 1513 1311 1585 in
1330 1511 1498 1608 obsequio
1517 1507 1670 1583 Eoolosie
1686 1507 1839 1580 &mano
1859 1503 1926 1578 de-

515 1639 635 1733 oessit,
657 1633 867 1738 [statuimus]
886 1642 919 1714 ci
943 1641 1123 1714 manifeste
1144 1638 1334 1714 lavandum
1357 1649 1393 1710 et
1419 1637 1535 1733 ipsum
1551 1629 1793 1730 recipiendum
1813 1629 1851 1700 in
1870 1647 1924 1702 re-

516 1785 616 1858 gem,
641 1773 676 1837 et
699 1765 874 1860 premissis
896 1766 1058 1839 omnibns
1078 1785 1149 1860 que
1165 1785 1228 1860 pm
1248 1760 1508 1836 honoriticentia
1525 1757 1679 1834 Ecoleeie
1693 1757 1845 1830 Romane
1861 1749 1924 1826 do-

518 1888 603 1960 bent
621 1889 783 1984 promitti,
805 1889 851 1963 ad
869 1911 1029 1964 oomnum
1046 1888 1181 1986 imperii
1198 1885 1431 1962 avocandum.

1102 2183 1343 2200 ’.ὑ-ιιι*-

916 2399 1028 2463 ΑΝΝΟ
1055 2401 1472 2470 1201.-1rto1t:u10rtn
1496 2407 1528 2472 4.

1013 2669 1435 2701 ..n-w...

417 2944 445 2988 bs

340 2943 458 3052 illim,
569 2959 781 3045 Fridericus
796 2986 863 3046 rex
881 2962 1029 3047 Siciliae
1046 2963 1280 3048 voluntalem
1298 2965 1417 3074 patris
1435 2965 1495 3050 sni
1512 2991 1742 3075 exsequens,
1762 2964 1929 3050 Berordo

360 3051 435 3108 Μ’
516 3093 795 3206 archiepiscopo
820 3096 1052 3182 Messanensi
1077 3107 1116 3182 el
1141 3097 1320 3182 ecclesiae
1345 3097 1428 3208 ejus
1459 3099 1500 3180 in
1528 3098 1776 3184 dedicationis
1800 3098 1929 3182 dotem

519 3227 809 3314 Colatabinnum
831 3257 920 3315 cum
943 3229 1058 3342 justis
1080 3231 1296 3316 tenimentis
1322 3245 1360 3317 et
1384 3233 1620 3344 pertinentiis
1637 3235 1757 3318 donat
1772 3242 1810 3316 et
1826 3257 1928 3317 oon·-

516 3361 657 3446 firmm.

597 3583 693 3660 (Etru.
707 3584 815 3660 pnrttm
827 3584 866 3646 u.
882 3585 1015 3660 Purus,
1030 3579 1109 3646 sicit
1124 3599 1217 3658 uun,
1232 3591 1257 3647 t.
1273 3587 1303 3662 1,
1323 3603 1354 3666 p.
1371 3585 1452 3662 tor.)

568 3751 762 3826 Fridericus
777 3775 841 3826 rex
855 3753 988 3841 Sicilie,
1008 3764 1074 3827 ote.
1097 3753 1321 3830 Attendentes
1339 3756 1385 3830 ud
1403 3763 1500 3850 gratu
1525 3753 1668 3828 servitia
1689 3773 1759 3849 qne
1776 3761 1833 3838 tn.
1859 3751 1931 3824 llo·

519 3879 641 3970 rarde‚
668 3879 847 3952 familiaris
864 3889 992 3972 noster,
1012 3889 1081 3954 tam
1098 3882 1284 3955 carissimis
1302 3883 1504 3980 parentibus
1532 3880 1657 3955 nostris
1682 3901 1790 3974 quam
1817 3886 1932 3952 nostre

521 4002 719 4078 celsitudini
739 4002 928 4076 exhibuisti
945 4014 980 4076 et
995 4005 1154 4078 affectum
1179 4008 1385 4082 sinceritatis
1400 4029 1471 4102 quo
1489 4025 1671 4102 personam
1697 4013 1733 4076 et
1751 4001 1931 4078 ecclesiam

520 4139 617 4202 tuam
644 4136 760 4200 nostro
790 4128 981 4202 screnitatis
1003 4130 1130 4203 intuito
1154 4142 1188 4204 et
1210 4133 1283 4206 zelo
1308 4129 1408 4223 fidei,
1428 4153 1492 4227 pro
1508 4132 1638 4202 honore
1662 4135 1698 4200 et
1724 4127 1933 4200 exaltatione

520 4261 635 4327 nostra
654 4251 1120 4346 etexpensisnonminimis
1123 4307 1660 4328 .................
1681 4251 1933 4326 utlabortnus

522 4378 559 4452 in
582 4375 840 4450 retributionem
868 4379 1010 4452 ecclesie
1034 4389 1093 4452 tue
1112 4387 1279 4469 transeat,
1299 4401 1361 4474 pro
1380 4379 1618 4476 redemptione
1640 4375 1816 4471 magnifici
1841 4375 1932 4468 regie

522 4501 658 4596 Rogerii
679 4500 737 4574 avi
755 4499 861 4572 nostri
880 4505 940 4596 qui
956 4503 1002 4577 ad
1022 4503 1160 4576 laudem
1177 4515 1212 4575 et
1230 4505 1372 4598 gloriam
1391 4504 1576 4578 Salvatoris
1593 4503 1848 4576 Messanensem
1871 4519 1934 4572 oc-

524 4625 663 4698 olesiam
686 4626 831 4722 propriis
853 4627 1049 4722 sumptibus
1064 4650 1144 4702 cum
1162 4631 1271 4702 multa
1289 4627 1473 4703 devotione
1489 4626 1668 4720 fundavit,
1689 4634 1724 4700 et
1740 4625 1933 4698 insistentes
