4382 5946
238 562 335 622 laurac
355 560 396 637 l.]
683 555 880 617 HISTORIA
906 555 1197 616 clanculariae.
1583 553 1644 616 265

239 694 286 768 de
301 693 544 789 Chirohperoh‚
564 711 679 764 comes
694 690 876 764 Heinricus
888 689 934 764 de
948 692 1112 785 Burgow3
1133 690 1313 764 Bertoldus
1326 691 1440 764 senior
1456 690 1502 763 de
1514 689 1640 780 Nillen,

239 819 422 892 Heinricus
441 816 487 891 de
509 818 632 906 Saoce,
651 814 833 888 Bertoldus
855 825 890 888 et
909 814 1000 888 lilius
1025 837 1111 888 suas
1134 817 1180 890 de
1200 816 1445 907 Druchburch,
1464 814 1646 888 Hainricus

240 943 285 1017 de
302 942 529 1032 Rotonbsrch,
549 943 750 1036 lampertus
768 940 813 1013 de
826 941 1006 1031 Hasolach,
1022 940 1243 1014 Eberhardus
1260 939 1305 1012 de
1322 938 1514 1024 Aichheim
1534 937 1646 1010 Hain-

239 1066 334 1138 ricus
366 1064 411 1139 de
442 1063 641 1136 Chalautina
669 1063 897 1135 marescalcus
925 1063 1084 1158 imperii,
1116 1065 1331 1136 Hermanuus
1361 1062 1407 1135 de
1439 1062 1644 1152 Sulzberch,

239 1189 429 1262 Ludwious
454 1187 500 1260 de
523 1186 689 1274 Rotache,
714 1186 897 1258 Heinricus
921 1185 966 1259 de
988 1187 1177 1280 Wagecoe,
1207 1187 1388 1260 Bertoldus
1420 1186 1648 1258 marescalcus

241 1311 535 1407 Campidoueusis,
556 1309 761 1384 Chunradus
779 1310 824 1384 de
842 1310 993 1402 Vinaria,
1013 1311 1122 1382 etalii
1140 1313 1375 1406 quamplures,

291 1439 436 1532 Signum
465 1436 683 1510 invictissimi
711 1436 843 1508 domiui
872 1435 1050 1523 Fridcrici,
1081 1437 1311 1508 Romanorum
1340 1419 1431 1532 regis
1458 1449 1493 1508 et
1518 1433 1646 1508 Sicilie.

241 1560 528 1657 (lionoprommc.)
1025 1561 1030 1574 '

290 1687 364 1782 Ego
379 1683 605 1760 Chuonradus
621 1684 783 1757 Metensis
801 1693 835 1756 et
852 1680 1023 1778 Spirensis
1038 1685 1242 1780 episcopus,
1261 1684 1448 1780 imperialis
1465 1683 1543 1757 aule
1560 1705 1651 1756 cau-

243 1811 419 1899 cellarius,
443 1809 521 1882 vice
547 1808 679 1881 domini
706 1806 824 1881 Silridi
849 1809 1042 1902 Moguntini
1065 1809 1313 1904 archiepiscopi
1336 1808 1441 1882 totius
1469 1805 1651 1880 Germanic

243 1933 551 2025 archicancellarii,
572 1933 772 2026 recognovi.
1509 2021 1513 2024 ,

291 2057 377 2130 Acta
395 2067 476 2129 sunt
492 2057 557 2130 hec
577 2076 669 2129 auno
686 2055 823 2128 Domini
847 2055 1027 2129 millesimo
1044 2055 1213 2147 caxlw,
1234 2056 1422 2130 indictione
1440 2055 1569 2152 prima,
1593 2077 1652 2128 re·

244 2191 371 2275 gnante
389 2180 632 2274 gloriosissimo
654 2179 794 2252 domiuo
814 2189 929 2252 nostro
947 2180 1128 2254 Fredcrico
1147 2179 1303 2254 secundo
1320 2180 1382 2252 Dei
1398 2180 1507 2274 gratia
1526 2181 1651 2254 llorna·

245 2327 367 2378 norum
387 2327 488 2400 rege,
508 2326 643 2400 semper
662 2313 811 2398 augusto
834 2313 868 2376 et
886 2305 1002 2376 inclito
1022 2327 1102 2396 rege
1127 2305 1271 2400 sycilie,
1288 2326 1379 2377 anno
1392 2304 1535 2378 Romani
1555 2305 1652 2395 regni

245 2430 355 2525 ipsius
369 2431 491 2525 primo,
508 2428 606 2524 regni
623 2447 707 2500 vero
724 2429 799 2520 ejus
814 2428 850 2500 in
866 2428 982 2500 Sicilia
1001 2429 1089 2515 ΧΨ,
1109 2428 1263 2500 feliciter.

293 2557 418 2628 Datum
439 2554 632 2628 Constantio
654 2554 805 2626 incuria
828 2553 1013 2648 solempni,
1040 2550 1196 2624 kalendis
1220 2551 1359 2646 aprilis,
1380 2572 1472 2623 anno
1489 2549 1654 2624 etindic·

245 2677 338 2752 tione
357 2699 461 2774 supra
477 2678 624 2773 scriptis.

303 3296 540 3404 Constantia,
560 3297 819 3380 Romanorum
837 3296 970 3408 regina
987 3307 1024 3380 et
1042 3297 1203 3400 Siciliae,
1225 3305 1326 3379 vetat
1343 3321 1391 3380 ne
1408 3295 1657 3380 Messanensis
1707 3319 1841 3428 {pm}

248 3428 551 3538 archiepiscopus
568 3453 634 3510 seu
653 3426 735 3537 ejus
751 3429 914 3511 ucauus
933 3429 1120 3539 generalis
1142 3431 1181 3510 in
1200 3429 1305 3512 curia
1322 3428 1441 3537 ipsius
1459 3429 1658 3530 convenire
1739 3427 1811 3482 ΨΜ·

247 3571 467 3668 praesumat
483 3561 636 3644 Petrum
654 3560 703 3644 de
720 3561 890 3647 Moraldo
903 3563 1144 3673 capellanum
1162 3563 1339 3646 ecclesiae
1356 3562 1482 3672 regiae
1501 3564 1661 3646 Sanctae

248 3693 387 3776 Mariae
405 3693 508 3775 intus
526 3703 695 3777 castrum
712 3696 924 3800 Messanae,
944 3723 1034 3779 cum
1051 3697 1135 3804 ille,
1156 3698 1252 3780 sicut
1269 3706 1306 3780 et
1321 3697 1457 3779 caeteri
1475 3697 1661 3808 capellani

249 3825 363 3936 regii,
383 3825 455 3908 suh
473 3851 565 3932 cura
582 3837 620 3909 et
637 3827 910 3938 gubernatione
927 3829 1101 3940 magistri
1118 3830 1303 3940 capellani
1321 3830 1470 3914 existat.

332 4039 615 4119 (illidentium,
630 4041 714 4105 Delio
725 4041 825 4124 capell.
839 4042 1660 4128 mappdalrapa.diSicil.,docum.n⁰1.-Gnuornno,

374 4145 513 4210 Tubalar.
527 4165 589 4228 cap.
603 4167 665 4232 rap.
679 4158 708 4212 et
718 4151 822 4231 impar.
837 4150 896 4213 dial
908 4154 1002 4228 Patri,
1012 4172 1043 4232 p.
1059 4163 1111 4234 46,
1123 4163 1155 4216 n⁰
1169 4163 1218 4228 ²9,
1234 4171 1273 4215 ex
1285 4154 1369 4216 MSS.
1384 4153 1495 4216 Antan.
1510 4155 1660 4216 Amlai-

369 4253 409 4314 Dr
423 4254 558 4328 Curam
579 4258 623 4316 Dc
641 4254 739 4336 capell.
754 4275 827 4340 rep,
844 4277 899 4321 ser.
915 4261 1034 4340 diplom
1049 4271 1082 4321 n·
1096 4270 1147 4336 20,
1162 4277 1193 4337 p.
1211 4269 1257 4322 to.
1275 4292 1316 4304 —
1334 4261 1448 4334 auno,
1468 4257 1539 4321 Cod.
1560 4257 1656 4324 coclea

370 4357 475 4440 Stolo,
490 4361 543 4422 llo.
556 4362 601 4436 11,
620 4368 702 4440 uo.)

301 4542 494 4620 &usualia
519 4549 639 4623 diviua
660 4553 798 4625 favente
824 4511 1004 4626 clementia
1025 4553 1256 4625 Romanorum
1273 4555 1412 4648 regina,
1433 4577 1569 4653 semper
1587 4581 1659 4632 au-

252 4678 372 4760 gusta,
393 4678 429 4742 et
449 4672 569 4765 regina
591 4674 724 4767 Sicilie,
742 4676 890 4750 ducatus
912 4677 1038 4772 Apulie
1061 4687 1096 4750 et
1118 4677 1329 4774 principatus
1347 4677 1474 4776 Capua.
1497 4681 1591 4756 licet
1614 4705 1660 4758 ex

331 4791 359 4854 1.
1463 4814 1502 4867 84
