4334 5980
551 551 613 615 236
1058 557 1273 622 uetustum
1296 558 1471 622 suctum
1775 561 1857 642 [Ass.
1876 563 1960 629 1213.

554 689 698 786 inquam
715 689 834 764 omnia
854 699 888 764 at
905 699 975 764 ιιιιιι
994 692 1165 767 viciniora
1184 717 1291 791 ιιιιιιιι
1306 697 1489 771 remotiora
1507 695 1673 795 deinceps
1688 707 1728 771 ut
1745 697 1887 772 liu-mita*
1902 703 1961 772 iu-

555 813 721 887 couvulsu
741 814 950 888 monasterio
964 830 1200 911 permaneant,
1220 820 1439 895 decemeudo
1456 821 1643 895 sancimus.
1661 823 1704 894 Et
1720 821 1802 919 quia
1820 825 1958 899 Romani

554 938 689 1034 imperii
705 939 936 1013 mansuetudo
950 940 1097 1014 deioute
1111 944 1260 1017 nascitur
1273 945 1423 1042 pietatis,
1440 967 1503 1019 uos
1516 945 1709 1043 predictum
1722 956 1868 1044 patrem,
1880 971 1959 1045 sup-

552 1063 677 1158 plicem
686 1085 727 1136 ac
736 1074 916 1160 paternum
926 1067 1001 1158 ejus
1009 1067 1163 1140 animum
1175 1091 1257 1163 erga
1269 1069 1450 1143 cenobium
1458 1093 1562 1144 suum
1572 1069 1841 1164 considerantes,
1849 1073 1957 1146 omnia

551 1209 621 1282 qne
630 1188 688 1284 pie
700 1187 945 1262 recordatiouis
955 1161 1123 1264 neuuc'us
1135 1192 1180 1264 lv
1191 1193 1420 1267 Romanorum
1433 1215 1497 1268 rex
1511 1193 1694 1291 privilegio
1705 1216 1770 1268 suo
1783 1194 1837 1293 (t)
1848 1197 1956 1271 eidem

550 1311 695 1384 ecclesie
712 1313 921 1386 concessisse
938 1313 1142 1406 dinoscitur,
1162 1338 1226 1390 nos
1243 1339 1286 1392 ea
1307 1317 1477 1414 imperiali
1500 1319 1701 1392 auctoritate
1722 1319 1956 1396 coulirmnutes

548 1436 790 1510 constituimus
803 1445 841 1510 ut
854 1447 951 1535 peter
966 1441 1165 1514 monaterii
1175 1463 1256 1514 curn
1267 1443 1567 1516 maciomanum
1581 1465 1723 1518 suorum
1736 1445 1841 1538 eligat
1851 1445 1955 1519 advo·

547 1570 661 1634 catum
674 1562 786 1636 Deum
802 1562 992 1652 timentem,
1007 1563 1098 1638 heus
1110 1565 1380 1658 accedentum,
1396 1566 1642 1662 undecumque
1657 1567 1690 1640 ei
1705 1568 1954 1663 placueritetei

547 1686 879 1760 commendationem
897 1697 1026 1784 prestet
1046 1688 1094 1762 ud
1109 1689 1302 1764 remedium
1320 1691 1436 1766 anime
1453 1713 1534 1778 sue,
1549 1700 1586 1764 ct
1601 1700 1641 1762 ut
1661 1713 1840 1786 nunquam
1856 1693 1955 1768 nas-

549 1810 673 1884 ditario
688 1813 767 1904 jure
784 1811 820 1882 iu
838 1812 989 1907 aliquem
1007 1813 1189 1910 preveniat
1205 1815 1347 1890 omniuo
1365 1815 1617 1908 interdicimus;
1637 1816 1700 1910 qui
1719 1837 1787 1890 uon
1805 1839 1869 1913 pru
1884 1827 1954 1892 ter-

548 1957 631 2008 reno
648 1935 831 2010 commodo
853 1937 910 2010 vel
928 1939 1045 2024 lucro,
1063 1939 1129 2014 scd
1147 1961 1211 2036 pro
1231 1950 1348 2014 eterna
1367 1941 1526 2014 mercede
1542 1941 1708 2014 sollicitus
1731 1953 1765 2014 et
1782 1941 1955 2016 studiosus

548 2060 767 2134 constitutam
781 2063 980 2136 monasterii
997 2062 1187 2138 libertatem
1206 2073 1242 2138 et
1251 2067 1420 2158 justitiam
1438 2064 1626 2140 defendere
1641 2065 1800 2140 volueit.
1814 2067 1879 2140 Hic
1891 2066 1955 2140 de-

548 2185 666 2278 nique,
682 2193 780 2280 patre
796 2187 992 2260 monasterii
1009 2195 1158 2282 petente,
1174 2188 1230 2262 bie
1246 2189 1304 2262 vel
1321 2197 1374 2262 ter
1391 2190 1428 2262 in
1444 2211 1538 2264 annu
1551 2191 1582 2264 si
1600 2211 1740 2264 necesse
1757 2190 1873 2284 luerit,
1887 2213 1953 2264 uou

546 2311 583 2382 iu
600 2310 676 2404 ipso
693 2319 811 2382 sancto
828 2309 903 2382 loco
921 2309 983 2382 ubi
1002 2332 1181 2406 uunquam
1198 2311 1349 2406 aliquam
1374 2323 1575 2409 potestatem
1591 2313 1648 2386 vel
1664 2311 1880 2386 exactionem
1894 2335 1954 2388 eeu

545 2433 678 2529 aliquid
693 2434 839 2528 regendi
860 2433 987 2508 habent
1004 2435 1071 2508 nisi
1093 2435 1210 2530 aliqua
1227 2436 1391 2510 molaris
1406 2459 1553 2532 persona
1575 2437 1713 2512 interim
1733 2437 1870 2510 rebellis
1890 2439 1951 2528 eit,

545 2568 584 2632 ut
598 2558 790 2632 necessario
801 2569 944 2654 rogante
960 2567 1057 2654 patre
1070 2561 1268 2634 monasterii
1284 2561 1330 2634 ab
1345 2581 1388 2634 eo
1403 2562 1659 2658 comprimatur,
1671 2557 1762 2659 [ssd]
1774 2561 1859 2635 alibi
1876 2563 1953 2636 ubi·

545 2703 696 2778 cumque
720 2682 776 2756 vel
800 2681 1092 2776 quandocumque
1115 2683 1204 2778 patri
1228 2685 1426 2758 monasterii
1451 2685 1567 2760 visum
1596 2686 1699 2758 luerit
1720 2685 1886 2760 invitatus
1910 2687 1952 2760 ab

546 2805 603 2878 illo
617 2807 747 2892 veniat,
761 2805 976 2901 etquicquid
995 2807 1044 2878 ibi
1058 2807 1307 2903 proclamatum
1323 2809 1426 2882 luerit
1442 2831 1504 2904 pru
1519 2810 1633 2884 musis
1645 2819 1681 2883 et
1694 2811 1952 2884 necessitatibus

545 2929 743 3004 monasterii
759 2929 824 3002 rite
837 2940 991 3025 peragat.
1005 2931 1146 3004 Nullum
1159 2940 1276 3006 autern
1283 2931 1381 3007 aliud
1395 2933 1589 3026 servitium,
1602 2936 1662 3028 jus
1675 2943 1736 3008 eut
1747 2931 1951 3008 beneficium

545 3055 612 3126 sibi
631 3075 693 3150 pro
710 3053 775 3126 hoc
795 3053 937 3128 concedi
956 3065 1196 3150 recognoscet,
1216 3056 1283 3130 nisi
1300 3065 1453 3130 etmnam
1470 3058 1532 3131 Dei
1550 3057 1744 3132 mercedem
1763 3067 1799 3130 et
1815 3057 1950 3132 tertium

544 3179 699 3252 bannum
718 3177 755 3248 iu
773 3176 842 3250 illis
859 3177 1060 3273 placiturum
1079 3177 1204 3254 diebus
1219 3191 1253 3254 et
1270 3203 1380 3254 uuum
1402 3182 1557 3256 modium
1574 3181 1682 3278 spelte
1696 3191 1732 3256 et
1748 3203 1858 3254 unum
1873 3183 1948 3256 tris·

545 3302 685 3397 ciugum
694 3299 748 3398 (a)
761 3301 934 3376 valentem
949 3302 1074 3376 siclum
1087 3311 1122 3377 et
1134 3327 1243 3378 uuum
1257 3305 1380 3378 siclum
1393 3305 1440 3380 de
1453 3308 1551 3391 uiuo,
1565 3317 1601 3380 et
1613 3305 1718 3380 nichil
1731 3307 1829 3382 aliud
1839 3318 1949 3402 speret

542 3447 607 3498 uec
630 3425 778 3522 accipiet
799 3447 864 3500 uec
880 3447 944 3522 pro
961 3427 1097 3520 justitia
1115 3449 1180 3503 uec
1196 3450 1260 3525 pro
1277 3429 1435 3524 carium,
1458 3441 1493 3504 et
1510 3431 1540 3504 si
1562 3451 1632 3505 nou
1655 3431 1790 3504 venerit
1811 3431 1860 3505 ad
1877 3431 1948 3527 ple·

541 3549 668 3639 citum,
688 3551 776 3622 nihil
792 3561 910 3647 speret
930 3573 968 3626 se
985 3563 1221 3650 accepturum.
1241 3553 1397 3630 Preterea
1414 3557 1660 3631 oonsu'tueutes
1677 3556 1838 3630 uolumus
1854 3555 1947 3650 quod
1996 3571 2002 3580 '

541 3671 609 3744 uisi
627 3682 725 3768 patre
742 3675 878 3749 cenobii
896 3677 1033 3750 volente
1049 3687 1085 3750 st
1101 3679 1295 3752 advocante
1316 3679 1408 3754 bona
1426 3689 1461 3754 et
1476 3679 1551 3754 loce
1568 3679 1766 3754 nouandi
1785 3679 1860 3752 suis
1876 3681 1947 3752 tre-

539 3795 693 3892 quentiis
713 3798 914 3872 temerarius
930 3808 966 3872 ct
986 3799 1062 3874 sine
1079 3821 1184 3874 cause
1202 3801 1299 3893 jueta
1319 3823 1389 3876 uon
1412 3805 1515 3878 adeat
1532 3804 1589 3878 uel
1610 3802 1755 3897 attingat
1776 3823 1841 3876 uec
1863 3823 1947 3900 per-

538 3917 703 3994 noctandi
726 3921 776 4018 ini
800 3921 975 3996 licentiam
999 3923 1145 4016 habeat,
1169 3945 1236 3998 uec
1259 3945 1415 4019 unquam
1433 3925 1585 4020 aliquem
1603 3925 1809 3998 advocatum
1831 3947 1895 4020 per
1909 3945 1947 3998 se

540 4042 686 4118 liberum
715 4053 776 4118 aut
800 4065 940 4121 seruum
967 4045 1055 4119 inibi
1081 4047 1277 4122 constituat.
1304 4047 1460 4133 Quodsi
1484 4069 1638 4144 unquam
1664 4057 1946 4144 presumptuosus

572 4406 608 4480 (t)
627 4404 667 4464 Cl.
683 4406 801 4480 ffldcm,
815 4424 844 4482 p.
859 4410 921 4480 tte,
936 4419 968 4466 u⁰
980 4409 1047 4482 oct,
1061 4409 1229 4484 privilegium
1241 4409 1350 4468 llanrici
1363 4409 1532 4484 imperatoris
1547 4408 1628 4484 hujus
1644 4407 1760 4466 nominis
1774 4408 1875 4484 quinti,
1888 4408 1942 4466 dat.

535 4503 709 4576 mentione,
724 4507 758 4563 tt
772 4504 895 4564 decemb.
907 4509 987 4564 tlte.

571 4601 607 4674 (2)
626 4601 804 4676 Frisiisque
818 4619 866 4661 scu
879 4602 1025 4679 [memnona
1046 4604 1144 4662 auimd
1166 4619 1227 4663 esse
1242 4604 1348 4662 eidetur
1365 4601 1437 4678 quod
1452 4603 1572 4663 noudum
1584 4602 1612 4662 in
1623 4603 1723 4678 iustum
1736 4601 1942 4678 magnitudinem

535 4699 667 4772 euomuit,
679 4700 737 4762 sire
751 4702 786 4762 sit
796 4703 929 4778 porcellus
941 4704 1100 4778 (germanice
1109 4703 1289 4780 Friucttispt
1301 4703 1507 4778 siusiureume
