4378 5954
230 559 408 639 lnnror.10.]
676 555 872 617 HISTORIA
897 549 1189 615 clanculariae.
1583 545 1641 607 123

228 694 383 778 tiarium
403 689 562 800 Apuliae
574 699 613 772 et
626 687 762 772 Terrae
775 689 948 797 Laboris,
960 688 1201 773 uehementer
1217 683 1391 770 hortatur
1409 693 1546 766 utnon
1565 691 1642 764 tar·

229 829 295 912 det
312 827 362 910 ad
379 825 600 908 fidelitatem
617 822 805 906 Ecclesiae
823 824 966 931 redire,
985 821 1213 930 Marcualdi,
1231 817 1412 906 Gualterii
1430 814 1643 900 cancellarii

230 971 268 1046 et
284 958 465 1070 Diopuldi
483 955 657 1066 exempla
673 981 905 1040 memorans.

312 1149 411 1226 (und.
424 1149 616 1223 Bnnontonu,
631 1147 730 1208 lance.
746 1146 794 1208 111
803 1143 927 1226 epistol,
938 1145 989 1208 ltb.
1003 1147 1058 1220 IX,
1074 1151 1099 1207 t.
1115 1145 1159 1219 11,
1174 1161 1202 1222 p.
1223 1141 1325 1222 1006.)

283 1307 524 1391 Innocentius,
549 1314 633 1397 ete,
654 1305 762 1377 nobili
777 1305 853 1378 viro
874 1306 912 1378 P.
936 1306 1049 1379 comiti
1071 1305 1267 1396 celanensi,
1288 1303 1452 1397 magistro
1464 1300 1650 1394 justitiario

236 1433 364 1531 Apulia
391 1440 427 1505 et
455 1433 557 1504 Terre
580 1430 739 1522 laboris,
764 1429 924 1526 spiritum
948 1431 1081 1504 consilii
1108 1430 1265 1504 sanioris.
1291 1428 1494 1523 Recepimus
1521 1425 1650 1498 litteras

239 1567 315 1632 tuas
332 1578 421 1652 quas
434 1577 497 1652 per
519 1555 682 1629 dilectum
699 1553 808 1628 filium
830 1557 862 1628 J.
879 1555 1039 1628 abbatem
1056 1555 1100 1628 de
1118 1553 1278 1628 Armeno
1300 1553 1439 1645 misisti,
1462 1559 1496 1626 at
1515 1573 1596 1624 cum
1615 1557 1651 1622 te

235 1681 378 1756 rediisse
405 1681 451 1754 ad
479 1681 633 1752 animum
665 1679 884 1754 crederemus
913 1690 952 1752 nt
980 1680 1100 1754 saltem
1129 1680 1345 1754 considerata
1371 1669 1481 1772 gratia
1507 1673 1646 1772 speciali

238 1827 344 1902 quam
360 1806 424 1878 tibi
441 1805 587 1879 fecimus
598 1805 779 1879 occasione
796 1806 1081 1878 reconciliationis
1101 1815 1174 1896 tue,
1195 1803 1259 1876 tibi
1278 1825 1348 1878 non
1373 1803 1485 1876 solum
1503 1824 1565 1898 per
1581 1821 1652 1873 no-

239 1933 364 2006 tarium
382 1941 554 2025 nostrum,
571 1955 694 2007 verum
713 1933 815 2007 etiam
829 1956 891 2029 per
906 1933 1034 2004 litteras
1048 1953 1135 2026 quas
1149 1931 1212 2002 tibi
1231 1927 1449 2026 postmodum
1467 1926 1653 2000 dulcedine

241 2067 383 2153 paterna
399 2057 652 2130 transmisimus
668 2058 903 2153 multipliciter
921 2053 1024 2155 [eam]
1043 2054 1271 2146 ostendendo,
1291 2054 1392 2128 dares
1407 2053 1573 2126 honorem
1588 2053 1652 2126 do·

242 2181 337 2255 mino
356 2183 428 2254 Deo
446 2191 506 2254 tuo
522 2191 556 2254 et
572 2180 746 2254 humiliari
765 2181 831 2254 sub
854 2183 983 2277 potenti
1008 2203 1111 2254 mann
1132 2182 1208 2274 ejus
1229 2202 1297 2252 non
1321 2179 1466 2251 duceres
1481 2198 1652 2288 verecun-

243 2306 347 2399 dum,
368 2307 514 2399 gratiam
535 2305 597 2378 tibi
617 2307 740 2378 lacum
761 2305 902 2378 minime
917 2328 1184 2402 recognoscens,
1206 2306 1356 2380 necdum
1375 2307 1521 2378 salutem
1540 2314 1574 2378 et
1591 2303 1655 2378 ho·

244 2453 362 2506 norem
376 2441 475 2504 tuum
493 2431 668 2527 querentis
683 2430 833 2502 consiliis
848 2431 1082 2526 acquieveris,
1102 2433 1207 2504 immo
1225 2453 1270 2504 ex
1289 2440 1484 2525 contemptu
1504 2431 1656 2526 ipsorum

244 2565 377 2630 reatum
407 2557 517 2630 reatui
544 2555 685 2650 gravius
711 2553 894 2645 addidisti3
918 2555 1059 2651 qnando
1085 2555 1228 2650 quidem
1257 2566 1326 2628 tam
1352 2553 1490 2627 modice
1517 2553 1598 2627 fidei
1628 2567 1660 2626 te

244 2681 397 2754 ostendis
415 2689 455 2752 ut
472 2679 657 2776 apostolice
684 2677 765 2751 lidsi
794 2679 933 2752 dubites
958 2689 991 2752 te
1016 2679 1244 2766 committere,
1269 2699 1338 2773 que
1366 2700 1445 2750 cum
1470 2699 1604 2772 semper
1624 2677 1660 2748 in

246 2803 391 2878 veritate
413 2805 593 2896 consistat,
611 2805 708 2876 neids
737 2811 788 2876 ast
811 2803 905 2878 credi
923 2802 1019 2896 quod
1036 2825 1097 2898 pro
1116 2813 1149 2874 te
1167 2803 1331 2898 inciperet
1348 2823 1386 2874 se
1406 2803 1540 2874 falsare.
1561 2803 1634 2873 Heu
1649 2803 1657 2872 1

245 2928 327 3024 quis
353 2935 405 3020 te,
426 2929 553 3002 nobilis
580 2949 712 3021 comes,
733 2937 804 3002 tam
827 2928 1067 3000 miserabiliter
1084 2928 1287 3002 lancinavit?
1307 2929 1481 3021 [Hortatur
1504 2926 1662 3024 pontifex

248 3073 293 3124 ne
308 3073 370 3147 per
388 3053 637 3126 contumaciam
653 3037 752 3126 extra
766 3053 953 3126 Ecclesiam
975 3053 1094 3146 vagari
1117 3052 1317 3141 delectetur,
1336 3063 1370 3125 et
1386 3051 1468 3126 iude
1483 3055 1515 3147 ε]
1534 3054 1661 3126 Verum

248 3184 288 3248 ut
303 3196 364 3248 ora
386 3175 507 3270 iniqua
530 3177 744 3270 loquentium
766 3179 988 3250 obstruantur
1012 3185 1047 3250 et
1073 3178 1224 3273 apertius
1249 3178 1321 3275 ipse
1346 3199 1533 3274 cognoscas
1556 3194 1661 3271 quam

248 3298 396 3373 fideliter
419 3309 454 3372 et
469 3323 574 3395 qnam
597 3300 722 3375 devote
744 3303 807 3376 tibi
823 3311 1010 3398 suggerant
1028 3305 1088 3400 qui
1104 3304 1150 3378 ad
1168 3313 1228 3377 tue
1243 3305 1364 3377 salutis
1378 3303 1556 3377 excidium
1574 3302 1663 3375 alio-

248 3447 326 3498 mm
344 3425 567 3498 introducunt
583 3427 802 3521 exemplum,
823 3429 1042 3502 considerare
1060 3437 1093 3502 te
1108 3431 1270 3502 volumus
1291 3429 1336 3502 ad
1354 3451 1459 3524 quem
1477 3427 1580 3500 finem
1600 3426 1663 3499 de·

249 3549 384 3622 venerit
397 3549 454 3622 illc
469 3549 551 3622 olim
566 3559 734 3646 tyrannus
753 3553 883 3625 famose
900 3553 1047 3648 perfidie
1065 3553 1298 3646 Marcualdus,
1313 3555 1374 3650 qui
1394 3575 1473 3625 cum
1491 3575 1528 3627 se
1547 3561 1664 3628 contra

249 3675 359 3746 Deum
374 3674 411 3746 in
428 3675 624 3770 superbiam
640 3675 806 3749 erexisset
820 3678 937 3752 claves
950 3678 1103 3751 llcclesie
1119 3679 1383 3772 contemnendo,
1397 3689 1481 3753 tunc
1493 3682 1588 3774 justo
1601 3677 1665 3752 Dei

247 3798 381 3892 judicio
397 3799 505 3872 effusa
518 3809 599 3872 sunt
613 3801 688 3892 ejus
700 3801 832 3875 viscera
845 3811 880 3875 et
891 3801 1066 3877 horribilis
1078 3805 1174 3878 necis
1186 3805 1324 3878 interitu
1336 3815 1569 3892 marcuerunt,
1584 3829 1663 3879 cum

250 3923 365 4020 potius
380 3923 456 3996 visa
473 3925 538 3996 luit
553 3923 663 4022 ipsius
683 3927 835 4024 potentia
854 3929 1024 4024 exaltata,
1046 3939 1085 4002 ut
1103 3929 1148 4004 de
1167 3931 1242 4028 ipso
1262 3931 1330 4004 dici
1349 3931 1500 4028 potnerit
1517 3957 1526 4000 :
1545 3957 1562 4001 t<
1583 3930 1664 4004 Vidi

251 4047 396 4144 impium
414 4052 708 4146 superexaltatum
728 4062 762 4127 et
780 4056 953 4127 elevatum
967 4056 1057 4128 sicut
1072 4056 1196 4130 cedrus
1209 4056 1350 4144 Libani,
1367 4057 1510 4130 transivi
1529 4065 1563 4130 et
1582 4078 1663 4129 ecce

251 4183 423 4249 nouerat.
437 4201 456 4245 u
472 4177 686 4250 Venerabilis
704 4178 856 4275 denique
870 4181 972 4253 trater
990 4189 1106 4254 noster
1119 4181 1160 4252 G.
1178 4180 1277 4275 regni
1293 4181 1406 4254 Sicilie
1424 4181 1659 4273 cancellarius,

251 4300 347 4394 quod
360 4321 428 4374 non
444 4301 480 4373 in
492 4304 567 4396 ejus
580 4305 816 4400 opprobrium,
828 4307 889 4380 sed
906 4306 1065 4378 virtutem
1082 4305 1220 4376 Domini
1233 4305 1456 4402 predicando,
1466 4305 1659 4394 referimus,

251 4425 393 4498 adverte
406 4427 551 4521 qualiter
570 4429 606 4500 in
624 4451 744 4528 pugna
756 4453 861 4529 quam
884 4429 961 4502 iniit
977 4439 1094 4503 contra
1111 4433 1222 4531 Deum
1243 4431 1368 4524 reperit
1386 4452 1423 4504 se
1435 4439 1658 4524 prostratum,

250 4549 412 4640 quamvis
427 4552 510 4646 quia
524 4575 684 4626 reversus
696 4554 743 4628 ad
760 4575 818 4628 cor
832 4555 1008 4628 ambulare
1026 4554 1152 4628 dicitur
1172 4557 1207 4627 in
1226 4555 1374 4650 puritate
1395 4554 1598 4650 nobiscum,
1615 4557 1662 4630 ad

251 4670 361 4764 ipsius
376 4673 539 4750 bonorem
557 4687 592 4751 et
607 4679 824 4754 commodum
846 4679 1077 4753 intendamus.
1104 4681 1180 4776 lpse
1204 4689 1359 4776 preterea
1380 4680 1577 4756 Diubuldus
1600 4705 1661 4757 cn·
