4378 5954
248 562 345 624 lsnrcr.
364 562 426 638 11.]
699 557 896 622 lllstottta
921 555 1213 620 ulammaulas
1604 558 1664 628 las

248 745 412 820 prospere
430 719 655 795 obtinendam
673 720 805 815 liquido
827 721 1000 794 credimus
1022 721 1213 816 protutura.
1238 719 1324 794 lode
1344 729 1398 793 est
1418 720 1540 815 utique
1563 719 1662 816 quod

248 869 312 920 nos
326 845 542 920 attendentes
556 844 752 920 devotionis
769 853 804 918 et
817 843 899 919 fidei
922 845 1105 940 puritatem
1120 867 1226 939 quam
1244 845 1402 919 canonici
1419 845 1661 919 Panormitano

247 970 408 1058 ecclesie,
433 968 553 1044 fideles
574 969 699 1060 nostri,
725 991 808 1062 erga
830 978 981 1042 nostram
1004 969 1245 1043 celsitudinem
1263 969 1476 1058 habuerunt,
1502 971 1662 1045 conside-

247 1103 363 1167 rantes
381 1093 484 1166 etiam
500 1093 628 1166 damna
640 1113 757 1165 rerum
773 1101 808 1166 et
821 1114 1046 1188 personarum
1062 1093 1215 1189 pericula
1233 1101 1268 1166 et
1282 1093 1584 1189 incommodaque
1598 1118 1661 1192 pro

248 1219 389 1292 nomine
402 1227 519 1290 nostro
537 1229 571 1290 et
591 1217 719 1290 malitia
735 1218 983 1313 temporisque
999 1227 1114 1290 nostre
1128 1217 1465 1291 iniantieoccasione
1478 1221 1657 1314 processit,

247 1342 482 1439 multipliciter
503 1351 584 1415 suot
607 1341 777 1438 perpessi,
801 1341 846 1415 de
865 1343 975 1436 gratia
993 1351 1029 1414 et
1049 1351 1214 1415 consueta
1236 1339 1470 1414 munificentia
1494 1353 1662 1420 nostrast

248 1488 311 1562 pro
328 1466 512 1540 animabus
530 1465 682 1539 ielioium
702 1475 928 1560 augustorum
950 1465 1082 1538 domini
1100 1465 1315 1561 imperatoris
1330 1475 1365 1538 et
1385 1464 1525 1540 domiue
1546 1467 1662 1564 impa-

246 1591 380 1664 ratricis
410 1600 590 1686 parantum
619 1599 812 1664 nostrorum
845 1588 1028 1664 recolende
1062 1588 1245 1680 memoria,
1273 1610 1423 1684 quornm
1455 1611 1597 1687 corpora
1622 1591 1660 1668 io

246 1723 365 1790 sancta
383 1715 623 1789 Panormitana
642 1717 787 1789 ecclesia
807 1715 1048 1810 requiescunt,
1066 1713 1288 1789 concedimus
1308 1723 1344 1788 et
1362 1715 1532 1790 donamus
1551 1739 1662 1791 cano·

248 1840 336 1914 uicis
357 1841 467 1937 ipsius
486 1841 724 1914 Panormitano
744 1841 889 1914 ecclesie
914 1849 949 1914 et
971 1862 1094 1914 eorum
1115 1837 1373 1914 successoribus
1396 1840 1432 1912 in
1455 1847 1660 1938 perpetuum

249 1987 357 2062 prope
376 1965 548 2040 civitatem
569 1975 719 2040 nostram
739 1965 898 2040 Panormi
922 1965 959 2037 iu
981 1965 1124 2038 flumina
1145 1964 1327 2039 Lendabee
1347 1963 1400 2062 (l)
1420 1966 1546 2038 saltum
1564 1967 1661 2040 illum

248 2077 439 2164 molendini
461 2089 523 2185 qui
542 2087 616 2186 (sic)
630 2090 807 2185 quondam
830 2089 1068 2164 molendinum
1092 2089 1231 2164 Arcadii
1254 2089 1308 2186 (P)
1325 2090 1528 2182 vocabatur,
1553 2091 1662 2170 libere

248 2225 284 2288 et
300 2215 377 2288 sine
397 2215 513 2310 aliqua
531 2214 686 2305 datione,
711 2225 750 2287 ut
768 2215 924 2289 canonici
941 2215 1007 2311 ipsi
1026 2214 1263 2287 molendinum
1279 2215 1392 2310 ipsum
1410 2213 1611 2288 reedilicent
1628 2227 1663 2292 et

250 2361 371 2413 omues
398 2350 589 2435 proventus
616 2341 728 2436 ipsius
750 2339 797 2413 ad
826 2363 945 2415 eornm
970 2341 1154 2414 utilitatem
1183 2350 1219 2413 et
1244 2339 1466 2413 commodum
1495 2350 1662 2437 perpetuo

250 2472 517 2560 consequantur.
543 2466 594 2538 De
616 2465 860 2538 abundantiori
882 2467 986 2540 etiam
1007 2466 1220 2558 benignitate
1241 2473 1355 2537 nostra
1378 2463 1603 2537 concedimus
1627 2465 1663 2538 in
1706 2455 1709 2460 ’

250 2599 457 2684 perpetuum
473 2590 648 2664 canonicis
664 2590 749 2686 ipsis
765 2600 800 2664 et
818 2592 893 2666 sine
907 2593 1023 2686 aliqua
1039 2576 1175 2666 dohane
1194 2597 1310 2662 nostre
1326 2589 1508 2661 exactione
1523 2588 1662 2666 barcam

251 2733 358 2785 uuam
375 2713 504 2788 habere
522 2713 569 2788 ad
591 2737 694 2788 usum
722 2715 879 2810 piscandi
902 2717 938 2788 in
965 2725 1064 2811 portu
1088 2724 1204 2788 nostro
1228 2713 1486 2805 Panormitano,
1506 2713 1554 2786 ad
1578 2735 1664 2788 usus

251 2837 407 2910 similiter
435 2849 471 2912 et
498 2839 691 2935 proficuum
716 2840 960 2914 canonicorum
986 2841 1153 2936 ipsorum.
1184 2839 1379 2910 Statuentes
1408 2845 1447 2908 ut
1476 2837 1593 2911 nullus
1619 2839 1664 2916 dc

252 2967 365 3034 cetam
388 2983 450 3057 pro
479 2971 577 3058 parte
602 2969 718 3037 nosue
741 2985 804 3037 eeu
829 2963 967 3038 dobane
991 2973 1108 3037 nostre
1137 2961 1319 3035 canonicos
1345 2963 1439 3057 ipsos
1465 2959 1510 3034 de
1540 2962 1664 3040 eodem

251 3085 451 3160 molendino
467 3107 531 3160 sen
547 3087 652 3161 barca
668 3096 703 3160 et
717 3109 836 3162 eorum
854 3087 1078 3184 proventibus
1095 3085 1200 3160 modo
1217 3085 1373 3181 quolibet
1384 3073 1565 3158 molestare
1581 3109 1669 3183 pre·

251 3217 378 3281 sumat.
395 3207 451 3283 Ad
467 3211 572 3304 hujus
591 3219 708 3286 autem
725 3213 956 3287 consessionis
973 3221 1088 3286 nosue
1106 3210 1307 3284 memoriam
1325 3201 1482 3283 et'rohnr
1499 3221 1667 3308 perpetuo

252 3333 455 3426 valiturum,
471 3357 613 3432 pressus
629 3337 850 3434 privilegium
865 3359 926 3435 per
940 3359 1063 3412 manus
1080 3335 1218 3412 Andree
1234 3336 1357 3410 notarii
1379 3345 1414 3409 et
1431 3335 1543 3410 fidelis
1558 3336 1666 3411 nostri

252 3455 356 3530 scribi
373 3466 409 3531 et
427 3459 616 3553 majestatis
635 3470 751 3536 nostre
768 3464 881 3557 sigillo
897 3464 1116 3561 precepimus
1132 3460 1351 3554 communiri,
1372 3481 1476 3552 anuo,
1497 3481 1616 3535 meuse
1632 3471 1667 3535 el

253 3579 444 3656 indictione
459 3585 673 3681 subscriptis.

302 3707 427 3780 Datum
446 3708 482 3779 in
505 3709 593 3783 urbe
614 3710 704 3784 felici
723 3712 883 3786 Panormi
905 3733 967 3808 per
986 3732 1110 3785 manus
1133 3709 1298 3785 Gualterii
1322 3710 1367 3784 de
1391 3705 1546 3808 Pol[eua]
1569 3711 1667 3807 regni

253 3827 370 3903 Sicilie
396 3832 610 3926 cancellarii,
635 3855 726 3908 anno
753 3835 927 3910 dominice
952 3835 1194 3908 iucarnationis
1221 3833 1403 3908 millesimo
1429 3833 1668 3907 ducentesimo

253 3955 420 4050 septimo,
453 3979 572 4032 mense
598 3957 811 4052 decembris,
842 3960 1026 4034 undecima
1053 3959 1271 4052 indictionis,
1301 3959 1399 4053 regni
1425 3979 1510 4032 veru
1535 3957 1668 4032 domini

254 4077 361 4151 nostri
378 4078 542 4154 Friderici
560 4083 624 4156 Dei
649 4083 759 4177 gratia
777 4083 916 4176 gloriosi
938 4085 1031 4180 regis
1049 4084 1180 4178 Sicilie,
1197 4085 1352 4181 {ducatus
1369 4082 1495 4180 Apulie
1512 4091 1547 4158 et
1567 4082 1669 4178 priu-

255 4202 971 4303 cipatusCapueanuodecimo,feliciter.
991 4208 1114 4284 Amen.
1325 4219 1328 4224 ’

581 4417 704 4426 -ι-....-

294 4533 331 4608 (l)
350 4536 404 4594 Seu
421 4535 568 4609 huodabes,
581 4538 738 4610 Audirelea,
757 4539 926 4613 Acedbabes,
941 4540 1042 4598 scilicet
1062 4537 1167 4596 metus.
1181 4533 1270 4594 Habea
1283 4549 1348 4594 vero
1360 4531 1481 4604 arabice,
1492 4530 1573 4589 latine
1590 4536 1668 4589 sonat

256 4631 419 4704 repupclum
429 4631 555 4705 {luminis
569 4640 731 4694 transeunti.
741 4637 803 4696 vid.
819 4653 914 4712 supra,
925 4655 954 4712 p.
966 4641 1028 4694 tto.

294 4728 333 4802 (²)
352 4729 436 4787 cudit
443 4773 450 4802 ,
463 4733 575 4794 articulo
589 4735 618 4793 cl
633 4753 788 4812 suppresso.
802 4738 918 4805 Gallice,
935 4734 1076 4793 lemoolia
1087 4733 1125 4792 da
1137 4732 1218 4791 Ouid.

336 4827 364 4892 Ι.
1473 4833 1508 4890 nt
