4382 5946
262 553 360 613 luorcr.
376 552 418 636 3.]
716 555 911 616 HISTORIA
936 556 1229 617 utrtottat'tcs.
1615 558 1674 618 3l3

262 687 528 760 reclamantibus
548 689 719 784 preposito
748 691 906 763 Gunrado
927 700 961 764 et
985 691 1148 764 iratribus
1166 691 1322 784 ejusdem
1344 692 1506 782 ecclesie,
1525 703 1673 766 castrum

263 812 442 900 erexisset,
455 809 517 884 diu
529 834 632 906 super
646 813 711 886 boc
729 815 817 887 inter
833 814 929 909 ipsos
944 814 1002 886 lite
1017 814 1146 902 habita,
1167 814 1305 887 tandem
1321 815 1413 888 idem
1428 815 1544 910 Erpbo
1558 815 1671 910 ipsum

263 935 471 1030 prepositum
500 945 534 1008 at
561 947 771 1010 conventum
797 939 841 1012 de
870 940 1080 1032 prudentum
1106 939 1248 1012 consilio
1268 938 1333 1010 sibi
1357 939 1505 1033 placavit
1533 949 1568 1010 et
1595 961 1669 1012 me-

263 1061 379 1134 diante
400 1060 646 1154 compositione
667 1062 843 1134 satisfecit.
865 1063 1012 1136 Donavit
1035 1063 1139 1155 igitur
1160 1061 1313 1156 predicte
1338 1062 1479 1134 ecclesie
1500 1062 1672 1156 preposito

262 1193 296 1255 et
327 1184 488 1254 fratribus
517 1204 579 1278 pro
608 1187 922 1280 recompensatione
944 1186 1068 1256 montis
1086 1184 1257 1279 quosdam
1283 1207 1419 1257 mansos
1440 1186 1575 1258 invilla
1602 1208 1670 1278 que

263 1307 444 1380 Odesbach
464 1318 618 1397 vocatur,
635 1309 681 1380 ab
696 1309 791 1380 omni
806 1310 883 1400 jure
905 1309 1084 1382 advocatie
1104 1311 1280 1380 exactorie
1298 1311 1352 1382 vel
1376 1310 1526 1381 censuali
1546 1311 1671 1382 liberos

263 1454 303 1503 ac
319 1431 504 1522 immunes,
526 1452 546 1502 e
563 1433 692 1524 quibus
706 1433 771 1526 ipsi
786 1434 961 1524 annuatim
978 1434 1074 1502 XXX
1093 1433 1193 1504 solidi
1210 1433 1246 1504 in
1269 1445 1470 1528 perpetuum
1494 1433 1671 1506 debebunt

263 1557 457 1650 provenire.
481 1557 672 1652 Spopondit
685 1559 787 1630 etiam
802 1559 943 1652 prestito
957 1561 1152 1650 juramento
1170 1559 1265 1650 quod
1283 1579 1401 1630 eornm
1425 1558 1535 1646 villas,
1555 1579 1668 1649 agros,

262 1690 375 1774 prata,
399 1702 556 1772 nemora,
579 1682 633 1752 vel
652 1681 819 1776 quicquid
843 1681 890 1753 ad
918 1682 1011 1776 ipsos
1031 1681 1220 1753 dinoscitur
1246 1683 1414 1775 pertinere
1440 1683 1671 1776 inposterum

263 1807 328 1876 sibi
348 1806 546 1877 nullatenus
561 1805 761 1900 usurpabit,
778 1805 843 1876 nisi
862 1816 1028 1898 quantum
1045 1807 1195 1878 ambitus
1211 1807 1312 1876 castri
1326 1808 1398 1897 jam
1417 1805 1461 1878 de
1482 1817 1596 1878 monte
1611 1829 1670 1880 oc·

262 1931 419 2024 cupavit3
442 1940 479 2000 et
505 1931 534 2000 si
559 1931 673 2001 forsan
701 1930 818 2000 villam
844 1931 1013 2002 sorensem
1042 1939 1103 2000 aut
1119 1929 1285 2023 piscinam
1313 1930 1370 2000 vel
1396 1929 1591 2001 molendina
1609 1951 1670 2001 seu

262 2054 436 2150 quidquid
458 2076 504 2126 ex
522 2075 593 2147 quo
614 2055 745 2124 fructus
765 2053 892 2148 aliquis
910 2054 1018 2148 possit
1037 2055 1218 2147 provenire
1234 2053 1269 2124 in
1290 2053 1379 2146 pede
1397 2054 1522 2125 montis
1539 2053 1613 2124 sive
1636 2053 1671 2124 in

262 2179 353 2250 valle
369 2179 482 2271 ipsum
503 2177 656 2250 eveniret
677 2188 887 2261 restaurare,
909 2199 1049 2249 censum
1075 2178 1170 2247 illum
1193 2200 1295 2269 quem
1319 2177 1464 2270 provide
1480 2187 1569 2249 esset
1592 2199 1673 2271 per-

263 2311 427 2398 cepturus
447 2301 615 2374 consimili
633 2301 787 2395 portione
806 2302 968 2372 iratribus
985 2301 1182 2395 impertiret.
1205 2303 1288 2372 ltem
1309 2301 1463 2395 promisit
1484 2325 1562 2373 cum
1576 2303 1672 2394 jura·

262 2437 378 2499 mento
391 2427 487 2521 quod
505 2448 609 2520 super
622 2429 701 2519 jura
715 2435 842 2497 statuta
856 2426 997 2518 antiqua
1012 2447 1080 2517 quo
1094 2426 1160 2496 sub
1175 2425 1273 2496 titulo
1289 2425 1470 2497 advocatie
1486 2426 1520 2496 in
1536 2426 1672 2496 Uhsena

262 2553 389 2624 habers
412 2552 614 2641 dinoscitur,
635 2551 728 2645 ipsos
747 2551 891 2622 villanos
908 2570 1087 2642 nunquam
1109 2549 1192 2619 velit
1214 2571 1422 2642 aggravare,
1442 2549 1609 2644 quicquid
1625 2571 1671 2619 ex

261 2699 381 2750 corum
397 2676 599 2748 excessibus
617 2685 677 2746 aut
702 2674 892 2745 insolentiis
911 2675 975 2744 erit
993 2683 1197 2768 accepturus
1220 2674 1304 2766 ipsis
1329 2674 1489 2745 fratribus
1507 2673 1672 2766 equaliter·

261 2801 473 2889 dividendo;
497 2821 597 2895 porro
612 2799 641 2870 si
663 2799 835 2893 quispiam
857 2819 1015 2889 suorum,
1033 2798 1153 2889 miles,
1175 2820 1309 2884 servus,
1327 2799 1469 2888 ancilla,
1493 2799 1527 2868 in
1549 2797 1669 2868 eadem

261 2926 342 2996 villa
367 2927 458 2996 bona
483 2925 600 3017 aliqua
628 2923 727 3026 quasi
754 2921 964 2994 hereditaria
988 2922 1203 3015 possessione
1230 2923 1470 3016 occupaverit,
1498 2921 1672 3016 predictus

260 3048 376 3142 Erpbo
408 3031 501 3142 ipsos
529 3047 658 3118 abillis
682 3047 782 3118 bonis
800 3056 938 3134 tenetur
962 3067 1140 3118 removere
1169 3055 1204 3116 et
1220 3069 1265 3116 ne
1288 3046 1322 3117 in
1350 3055 1523 3141 posterum
1546 3068 1585 3118 ea
1609 3047 1673 3116 sibi

261 3183 429 3267 usurpent
453 3173 590 3266 penitus
622 3171 790 3243 inhibere.
816 3172 975 3244 Preterea
1002 3172 1179 3242 ecclesiam
1204 3171 1418 3244 sanctissime
1445 3172 1589 3264 virginis
1611 3172 1672 3243 Ce-

260 3297 393 3369 cilicet
417 3309 624 3368 conventum
643 3295 835 3368 secundum
859 3305 1012 3367 tenorem
1028 3296 1214 3386 juramenti
1235 3307 1402 3389 qnantum
1425 3305 1535 3391 polest
1555 3297 1673 3369 delen-

260 3441 335 3492 snre
357 3419 461 3492 debet
482 3441 524 3492 ac
545 3421 646 3491 tueri.
664 3419 720 3492 Ad
746 3421 910 3511 majorem
935 3429 1048 3491 autem
1067 3421 1284 3491 stabilitatem
1303 3421 1553 3515 predictorum,
1571 3421 1674 3492 inter-

259 3546 371 3642 posita
390 3544 473 3617 fidei
493 3545 652 3636 datione,
682 3543 842 3617 dexteras
863 3565 945 3617 suas
971 3554 1200 3639 porrexerunt
1224 3545 1392 3616 Henricus
1417 3546 1461 3618 de
1478 3545 1671 3635 blorsberc,

259 3670 480 3742 ldbrehardus
496 3671 541 3742 de
562 3668 954 3761 Vuolcbcricbesbusen‚
974 3669 1143 3741 Henricus
1161 3669 1206 3742 de
1222 3669 1424 3765 Hcrrisperg
1445 3679 1480 3741 ct
1494 3669 1674 3742 Bortoldus

259 3794 305 3867 de
321 3797 527 3885 Salzungen,
544 3793 640 3888 quod
664 3793 693 3864 si
711 3793 909 3887 sepedictus
924 3793 1040 3888 Erpho
1059 3792 1164 3884 hujus
1177 3793 1404 3866 ordinationis
1418 3794 1541 3866 seriem
1558 3795 1674 3886 aliquo

260 3922 295 3991 in
320 3941 401 3990 casu
427 3919 483 3990 vel
511 3919 625 3990 furore
650 3918 685 3987 in
705 3917 837 3988 irritum
861 3919 967 3989 vellet
992 3939 1176 4007 rovocare,
1204 3918 1249 3989 ab
1273 3917 1358 4012 ipsis
1377 3918 1604 3990 commonitus
1629 3917 1674 3988 ab

261 4041 380 4135 iniquo
402 4042 578 4137 proposito
594 4049 761 4138 cessaret,
781 4042 1008 4113 reverentiam
1022 4043 1209 4134 juramenti
1227 4051 1328 4137 prout
1348 4041 1446 4114 decet
1466 4065 1508 4114 ac
1533 4041 1675 4136 expedit

260 4167 402 4238 cuilibet
430 4166 616 4255 catholico,
641 4174 834 4237 constanter
860 4167 1109 4239 conservando.
1129 4168 1197 4238 Nos
1220 4189 1301 4260 ergo
1321 4176 1534 4262 pretaxatam
1558 4166 1673 4236 eccle-

258 4291 345 4362 siam
371 4291 497 4385 pariter
517 4299 552 4362 st
578 4299 785 4362 conventum
810 4288 876 4360 sub
901 4291 996 4383 regie
1022 4290 1209 4383 majestatis
1238 4290 1381 4362 tuitione
1403 4312 1443 4362 ac
1465 4290 1675 4386 protectione

259 4416 386 4487 habere
403 4415 579 4506 volentes,
601 4415 788 4510 prescripta
811 4413 1019 4510 precipimus
1037 4415 1103 4486 sub
1117 4416 1258 4486 obtentu
1276 4414 1386 4507 gratie
1403 4423 1516 4487 nostre
1535 4417 1571 4485 in
1588 4437 1674 4509 per-

261 4549 405 4633 petuum
434 4549 507 4612 rata
528 4549 562 4611 et
581 4537 678 4610 firma
696 4539 912 4631 conservari,
933 4559 995 4633 per
1018 4539 1263 4634 appensionem
1281 4539 1388 4611 nostri
1406 4537 1509 4632 sigilli
1533 4559 1574 4610 ea
1593 4561 1674 4610 cun-

261 4663 447 4737 firmantes.
