4378 5954
554 535 612 596 158
1048 529 1263 593 Fllllllllllcl
1288 529 1464 592 succum
1776 533 1859 613 [aaa.
1879 535 1967 600 lm

550 665 703 741 tionibus
715 666 781 738 nisi
792 673 925 740 tantum
936 665 973 736 in
984 665 1083 738 oona
1094 663 1259 762 restrui)
1267 665 1458 761 hospitalis,
1471 666 1574 740 etiam
1590 666 1635 741 de
1649 668 1968 766 criminalibusque

549 791 722 888 portinent
748 789 795 863 ad
823 790 953 864 curiam
980 797 1143 862 nostram.
1164 791 1333 864 Volumus
1356 791 1461 864 etiam
1485 799 1526 863 nt
1547 790 1763 886 quicumque
1785 795 1968 890 utriusque

551 937 657 988 sexus
675 937 754 988 oum
777 915 960 986 stabilibus
977 915 1033 987 vel
1056 914 1242 988 mobilibus
1266 915 1341 988 suis
1367 915 1433 1012 ipsi
1464 913 1584 988 domni
1611 915 1790 1012 hospitalis
1810 918 1967 994 llcssauc

549 1041 605 1114 vel
623 1040 725 1113 alicui
749 1039 895 1113 aliarum
921 1039 1102 1113 domorum
1120 1061 1158 1114 se
1176 1041 1212 1112 in
1232 1039 1305 1114 vita
1320 1039 1456 1113 sunuel
1474 1039 1511 1112 in
1528 1047 1731 1114 testamento
1746 1039 1893 1115 reddere
1906 1043 1966 1116 vel

549 1164 670 1238 offerre
685 1163 844 1255 voluerit,
861 1164 951 1237 sieut
966 1164 1053 1238 solet
1069 1167 1107 1238 in
1124 1163 1337 1238 mortificatis
1350 1163 1443 1254 lieri,
1465 1165 1606 1239 liberam
1620 1165 1752 1238 exinde
1767 1147 1894 1240 babeat
1908 1169 1966 1240 la·

549 1289 727 1374 cultatem,
746 1289 902 1384 exceptis
920 1288 1071 1384 angariis
1094 1289 1139 1363 iis
1159 1311 1230 1386 qne
1247 1299 1329 1362 sunt
1350 1289 1397 1363 de
1421 1289 1549 1380 leudis,
1569 1289 1631 1384 qui
1648 1291 1752 1364 etiam
1767 1289 1813 1364 de
1827 1291 1965 1366 licentia

550 1413 768 1488 dominorum
782 1435 926 1486 snorum
942 1415 971 1486 si
986 1413 1161 1487 voluerint
1178 1413 1296 1488 domni
1314 1413 1493 1510 bospitblis
1507 1423 1668 1510 potamnt
1681 1435 1719 1488 se
1733 1414 1867 1488 offerre.
1879 1417 1964 1489 ltcm

549 1537 794 1612 confirmamus
810 1547 844 1612 et
859 1539 966 1633 regali
983 1538 1158 1611 sancimus
1174 1537 1287 1612 edicto
1305 1548 1344 1610 ut
1362 1539 1482 1611 lratres
1499 1537 1678 1634 hospitalis
1693 1539 1808 1612 Sancti
1829 1539 1964 1614 loban-

549 1664 604 1734 nis
621 1661 666 1735 de
678 1663 836 1736 Messana
852 1671 886 1735 et
900 1662 1045 1734 aliarum
1058 1662 1238 1736 mutorum
1252 1663 1299 1736 de
1312 1683 1420 1758 regno
1439 1663 1625 1735 cumomni
1639 1660 1964 1762 liberlatc[in]bona

548 1785 681 1860 ordinis
703 1785 813 1880 ipsius
826 1785 1004 1882 hospitalis
1020 1809 1101 1860 oum
1119 1787 1281 1860 omnibus
1294 1807 1366 1880 quc
1376 1785 1596 1859 concessione
1610 1784 1829 1881 pontificum,
1851 1786 1965 1860 dona-

549 1910 642 1983 tione
655 1909 711 1982 rel
730 1908 987 1984 confirmatione
1009 1924 1132 2006 regum
1151 1909 1407 2006 progenitomm
1430 1917 1623 1983 nostrorum
1640 1931 1682 1984 ac
1698 1919 1814 1984 nostra
1827 1931 1962 1985 necnon

548 2043 585 2110 et
601 2032 773 2106 oblatione
797 2031 952 2106 fidelium
970 2034 1217 2108 rationabiliter
1242 2034 1279 2105 in
1304 2033 1553 2130 presentiarum
1580 2033 1709 2106 babent
1730 2034 1787 2107 vel
1806 2035 1911 2127 jnstis
1927 2035 1964 2107 in

548 2165 650 2230 anua
664 2165 825 2254 poterunt
842 2157 951 2230 titolis
963 2157 1123 2254 adipisci,
1138 2157 1272 2254 quiete,
1293 2155 1487 2254 pacificent
1502 2159 1578 2231 sine
1594 2157 1831 2232 contrarietate
1843 2159 1964 2254 quali-

549 2283 610 2356 bet
631 2292 796 2378 perpotuo
813 2292 1072 2356 conserventur.
1099 2281 1325 2358 Probibcmus
1347 2284 1452 2358 etiam
1478 2281 1576 2379 quod
1601 2283 1719 2356 nullos
1745 2283 1834 2356 intra
1857 2281 1962 2356 situm

549 2407 703 2503 ipsarum
718 2407 900 2482 domorum
915 2407 1093 2504 hospitalis
1106 2407 1286 2481 occasione
1302 2407 1458 2502 qnalibet
1474 2406 1639 2480 insultum
1650 2408 1776 2496 lacere,
1786 2407 1961 2482 hominem

548 2553 673 2628 capere
689 2532 746 2606 vel
766 2531 887 2605 domos
908 2531 1003 2630 ipsas
1021 2532 1057 2604 in
1072 2533 1179 2605 rebus
1191 2532 1266 2605 suis
1281 2532 1370 2606 intra
1385 2532 1442 2605 vel
1460 2539 1561 2606 extra
1575 2532 1633 2604 vel
1659 2531 1696 2603 in
1721 2532 1878 2628 personis
1892 2553 1963 2628 que

548 2656 597 2730 ibi
615 2665 697 2730 sunt
709 2665 837 2730 oemcre
853 2657 1056 2753 perturbare
1072 2657 1128 2730 vel
1148 2656 1185 2728 in
1203 2657 1321 2752 aliquo
1334 2654 1762 2752 damnificampresumat.
1778 2655 1900 2730 Nullus
1918 2657 1964 2729 sit

547 2782 654 2876 igitur
680 2781 742 2876 qni
769 2790 887 2855 contra
918 2781 1192 2874 concessionem,
1217 2779 1508 2855 confirmationem
1524 2789 1560 2854 et
1576 2781 1786 2856 mncbonem
1811 2790 1961 2855 nostram

547 2906 665 3000 aliqua
679 2916 855 3001 presumat
871 2906 1061 2980 temeritate
1076 2905 1212 2998 uenirc3
1223 2906 1360 3002 quodsi
1374 2906 1412 2978 in
1422 2907 1540 3002 aliquo
1548 2915 1740 3000 attentaret,
1748 2905 1963 3001 indignatio-

548 3051 629 3127 nem
646 3031 754 3104 nostri
771 3029 933 3104 culminis
948 3039 984 3103 et
1001 3029 1244 3105 detrimentum
1259 3037 1407 3127 persons
1421 3039 1456 3104 et
1471 3051 1587 3106 rernm
1599 3051 1743 3104 suarum
1767 3052 1806 3106 sc
1826 3031 1962 3106 noverit

548 3157 784 3229 incursurum.
809 3153 867 3228 Ad
889 3155 995 3247 hujus
1012 3163 1129 3227 antem
1150 3153 1383 3228 mnoessionis
1395 3164 1432 3228 et
1446 3153 1716 3230 confirmationis
1726 3163 1764 3228 et
1775 3156 1961 3230 sanctionis

463 3337 466 3344 Δ
549 3288 664 3353 nostre
693 3277 894 3353 memoriam
919 3285 955 3352 et
975 3276 1175 3351 inviolabile
1199 3275 1470 3370 firmamentum,
1492 3299 1633 3375 peccas
1657 3278 1875 3374 privilegium
1899 3301 1961 3376 per

547 3424 673 3476 manns
688 3401 805 3476 iacobi
830 3401 876 3476 dc
899 3402 1017 3499 Capua
1039 3403 1164 3477 notarii
1187 3411 1223 3476 ct
1245 3401 1358 3476 fidelis
1383 3403 1491 3478 nostri
1516 3403 1620 3477 scribi
1647 3413 1684 3478 et
1707 3403 1822 3500 sigillo
1845 3413 1961 3480 nostre

548 3525 764 3600 celsitudinis
781 3525 1026 3601 mandavimus
1039 3526 1209 3622 insigniri,
1227 3547 1333 3620 anno,
1350 3547 1470 3602 mense
1482 3538 1520 3601 et
1535 3527 1724 3604 indictione
1739 3529 1956 3628 subscriptis.

597 3653 722 3723 Datum
741 3651 896 3726 Celalndi
913 3672 976 3748 per
993 3673 1118 3727 manus
1136 3651 1302 3726 Gnalterii
1319 3651 1366 3728 do
1381 3653 1507 3728 Palcna
1534 3653 1744 3728 venerebilis
1762 3653 1961 3730 Caunends

545 3773 701 3871 episcopi
717 3781 753 3848 et
765 3775 864 3872 regni
877 3775 993 3850 Sicilie
1010 3775 1225 3868 cancellarii,
1243 3797 1335 3851 anno
1349 3775 1521 3852 dominice
1534 3777 1788 3870 incarnationis
1807 3779 1958 3874 accit,

546 3919 667 3974 menso
683 3897 852 3992 octobris,
869 3899 1059 3976 indictione
1072 3902 1134 3975 llll
1147 3899 1214 3999 (l),
1230 3902 1329 3997 regni
1349 3923 1434 3977 vero
1452 3901 1586 3977 domini
1602 3904 1709 3978 nostd
1722 3903 1883 3980 Friderici
1896 3904 1960 3980 Dei

544 4024 657 4120 gretia
689 4022 863 4119 magnifici
884 4025 977 4118 regis
1001 4026 1133 4119 Sicilie,
1159 4025 1308 4102 ducatus
1325 4027 1474 4126 Apulie,
1488 4027 1705 4128 principatus
1728 4029 1845 4130 Capue
1872 4031 1956 4123 llll,

545 4149 701 4224 leliciter.
717 4149 842 4224 Amen.

581 4457 618 4532 (t)
637 4456 682 4516 sio
695 4457 723 4516 in
735 4455 855 4535 duobus;
871 4457 919 4522 sed
933 4459 956 4520 si
972 4459 1049 4534 iuxta
1066 4457 1177 4520 modona
1197 4459 1488 4538 Constantinopolitam
1505 4469 1554 4536 ut,
1567 4461 1678 4522 indictio
1695 4462 1779 4522 tercia
1792 4461 1895 4522 decima
1908 4478 1956 4524 no·

543 4555 625 4614 tanda
636 4561 686 4614 est.
