4382 5946
250 566 346 624 isurun.
363 563 406 640 3.]
694 559 891 619 HISTORIA
917 557 1207 620 elaboraturos.
1591 564 1653 627 393

248 709 369 794 ponte,
396 697 576 769 Heinricus
598 693 643 767 de
663 694 885 788 Kungespcrc
899 689 966 789 (a),
990 694 1184 790 Fridericus
1203 695 1248 768 de
1265 695 1529 794 Sobouenburc,
1554 703 1651 776 Wal-

250 823 368 895 tberns
386 822 549 917 pincerna
567 819 718 914 imperii,
741 818 851 891 etalii
871 818 1102 913 quamplures.

299 947 444 1040 Signum
463 944 592 1020 domini
607 942 771 1016 Friderici
787 944 1017 1015 Romanorum
1036 943 1127 1038 regis
1142 945 1375 1023 invictissimi.

300 1071 374 1165 Ego
389 1068 566 1142 Conradus
584 1068 755 1164 Spirensis
773 1077 808 1140 ot
825 1067 987 1140 Meteusis
1003 1069 1201 1165 episcopus,
1222 1071 1408 1165 imperialis
1421 1074 1500 1146 aule
1513 1077 1655 1150 cancel-

254 1195 373 1285 larius,
387 1194 464 1267 vice
478 1193 609 1266 domini
622 1193 738 1265 Siiridi
750 1193 950 1286 Maguntine
961 1193 1054 1267 sedis
1063 1193 1309 1290 archicpiscopi
1318 1206 1351 1269 et
1363 1197 1466 1270 totius
1477 1199 1655 1277 Germania

255 1319 561 1407 archicancellarii,
581 1317 779 1414 recognovi.

303 1445 426 1517 Actum
449 1465 540 1515 auno
557 1444 694 1516 Domini
715 1443 875 1517 MCCXIII
889 1445 961 1541 (l),
981 1453 1147 1538 regnante
1170 1445 1311 1520 domino
1330 1447 1510 1525 Frederioo
1532 1453 1656 1529 Roma·

257 1590 379 1642 norum
397 1589 479 1662 rege
494 1568 658 1662 glorioso,
680 1591 771 1642 anno
788 1570 886 1663 regni
906 1570 981 1662 ejus
998 1570 1161 1644 secundo.

305 1693 429 1765 Datum
446 1693 541 1788 apud
557 1693 743 1777 Basileam,
762 1695 808 1765 Xl
827 1693 991 1766 kalendas
1007 1693 1215 1784 decembris,
1237 1695 1424 1770 indictione
1441 1699 1484 1770 lll
1503 1697 1566 1795 (2).

488 2014 503 2024 .
514 2014 632 2021 ---=----
638 2013 1245 2025 ——w—n—-u--uu——n-n
1251 2014 1448 2028 nunu—n—

312 2281 542 2388 Fridcricus,
559 2282 817 2364 Romanorum
835 2307 921 2386 rex,
941 2282 1138 2365 denuntiat
1164 2308 1293 2365 coram
1311 2285 1409 2366 sein
1428 2286 1534 2368 curia
1550 2286 1667 2370 Basi-
1734 2339 1761 2381 1,
1770 2340 1832 2380 w„

1720 2393 1835 2439 Basiliensi
1843 2423 1849 2443 ,

261 2415 367 2497 liensi
383 2415 596 2526 judicatum
614 2413 731 2498 fuisse
749 2415 853 2525 quod
867 2413 968 2526 juste
986 2416 1178 2499 destruere
1199 2416 1334 2499 debeat
1361 2427 1528 2501 castrum
1552 2419 1669 2502 Lich-
1701 2447 1865 2490 renovemus·

262 2549 439 2660 tenberg,
461 2551 636 2631 acomile
663 2549 711 2631 de
731 2548 894 2632 Veldenz
917 2549 956 2630 in
985 2548 1124 2632 allodio
1152 2549 1278 2632 Sancti
1297 2550 1456 2662 Remigii
1474 2552 1669 2636 Remensis

262 2679 401 2791 injuste
420 2691 693 2765 constructum.

340 2897 718 2972 (Edider.Cnonn1us,De
739 2898 832 2959 comit.
854 2895 1016 2958 Veldentlae
1037 2914 1087 2974 ap.
1105 2898 1181 2958 Hist.
1202 2905 1230 2958 et
1246 2905 1393 2960 comment
1415 2897 1498 2959 acad.
1512 2895 1670 2960 Theodoru-

381 3001 492 3076 Palat,
507 3011 532 3066 t.
546 3005 594 3076 ll,
608 3022 641 3082 p.
654 3013 723 3076 287,
735 3021 819 3065 num.
835 3005 861 3080 1,
876 3005 1042 3080 Munbeim,
1059 3005 1368 3078 ltro-Senonum,
1381 3004 1446 3067 Coi.
1457 3003 1579 3088 Solfeld.
1590 3008 1671 3068 Lun-

383 3109 531 3194 desqerclt,
545 3119 568 3173 t.
585 3113 646 3186 111,
663 3128 695 3188 p.
712 3109 1051 3185 183.-Vnu1n,Arcle
1071 3109 1270 3174 administrat.
1286 3111 1321 3173 de
1335 3113 1445 3190 deiru,
1460 3119 1484 3175 t.
1500 3116 1529 3190 Ι,
1545 3125 1575 3176 2·
1588 3131 1670 3194 pars,

382 3237 413 3297 p.
430 3228 500 3294 495,
513 3237 551 3280 ex
563 3226 636 3281 cart.
652 3219 686 3284 C.
702 3219 739 3281 dc
752 3219 784 3282 S.
798 3221 899 3293 Remi,
913 3219 966 3281 fol.
985 3229 1021 3280 19
1035 3219 1143 3299 uerso.)

313 3405 506 3478 Fridericus
530 3403 705 3479 secundus
721 3390 786 3478 Ilei
809 3405 918 3499 gratia
937 3407 1166 3478 Romanorum
1187 3426 1250 3478 rex
1270 3427 1405 3501 semper
1428 3415 1617 3500 augustuS,
1638 3417 1672 3480 et

265 3551 329 3602 rex
353 3529 486 3622 Sicilie,
510 3532 672 3602 omnibus
695 3538 888 3624 presentem
911 3531 1068 3602 cedulam
1091 3530 1304 3602 intuentibus
1330 3529 1510 3604 audirent
1533 3531 1673 3606 credere

265 3653 360 3749 qnod
378 3664 555 3728 testamur.
586 3657 714 3728 Harum
735 3656 966 3728 insinuatione
988 3657 1176 3728 litterarum
1194 3655 1295 3727 vobis
1317 3667 1447 3727 certum
1472 3657 1617 3729 iacimus
1639 3667 1674 3731 et
1724 3731 1729 3737 ,

265 3779 484 3851 manifestum
503 3779 696 3874 quodcum
721 3781 757 3852 in
781 3782 948 3876 solempni
975 3781 1069 3853 curia
1091 3781 1269 3853 Basiliensi
1294 3780 1427 3871 judicio
1453 3781 1669 3875 sederemus,

266 3923 380 3974 coram
391 3903 492 3976 nobis
505 3905 570 3976 fuit
580 3904 773 3996 judicatum
785 3907 976 3998 manifeste,
996 3903 1158 3978 omnibus
1176 3905 1236 4000 qui
1256 3905 1390 3977 fuerant
1405 3905 1580 3998 injudicio
1594 3927 1672 3978 con·

267 4027 374 4099 stituti
389 4029 695 4121 consentientibus,
709 4030 804 4124 quod
817 4053 881 4103 nos
894 4031 1095 4104 auctoritate
1105 4031 1201 4124 regia
1211 4039 1359 4106 castrum
1369 4029 1594 4122 Licbtenbcrg
1602 4028 1666 4125 (3),

309 4201 349 4283 (a)
370 4202 488 4266 Scilicet
499 4201 534 4264 de
545 4203 734 4286 Kdniprberq.

268 4351 338 4364 m

304 4437 341 4514 (t)
357 4440 496 4499 llanileste
509 4448 597 4499 tamen
608 4441 765 4513 llllcxllll,
779 4458 813 4499 ex
824 4443 1010 4500 concordantia
1022 4443 1172 4501 indictionis
1183 4449 1210 4499 et
1223 4441 1283 4499 anni
1297 4442 1324 4498 in
1334 4457 1416 4516 regno
1427 4440 1596 4502 Germaniae.

303 4539 339 4612 (Ξ)
358 4539 407 4596 llic
420 4540 497 4596 adest
509 4541 537 4598 in
550 4541 668 4615 originali
681 4555 843 4614 pergamena
851 4557 1051 4616 monogramma
1063 4541 1180 4599 crassius
1192 4545 1339 4598 exaratum.
1806 4599 1807 4602 ,

303 4635 340 4708 (3)
359 4635 481 4694 Castrum
490 4637 562 4696 istud
570 4641 647 4712 juxta
660 4638 742 4698 Kusel
755 4639 780 4694 in
792 4638 940 4697 Palatinatu
953 4639 1044 4711 situm,
1054 4639 1097 4696 vel
1108 4655 1161 4696 non
1171 4637 1221 4694 luit
1230 4644 1293 4694 tunc
1303 4637 1420 4695 diruam
1429 4637 1472 4696 vel
1480 4637 1575 4698 saltem
1583 4639 1671 4700 denuo

267 4735 522 4808 astronomorum
536 4737 572 4794 ibi
587 4737 673 4795 adbuc
684 4737 765 4796 aedes
778 4737 810 4795 ad
824 4737 1013 4796 habitationem
1028 4737 1173 4795 iaciendum
1184 4741 1262 4810 aptae
1274 4741 1439 4793 remaneant.
