4378 5954
537 553 578 616 94
1036 547 1250 609 I‘IlIllEIlICI
1274 547 1450 610 SECUNDI
1763 549 1843 630 [Aru.
1861 551 1951 614 Im.

540 697 574 761 et
591 687 677 759 alias
699 683 944 758 conventiones
963 681 1148 777 placabiles
1169 703 1376 779 componere
1397 681 1541 756 studeas
1558 705 1637 755 cnm
1656 681 1896 776 adjacentibus
1917 695 1954 760 et

538 811 682 900 vicioIs,
702 831 767 884 nec
782 810 903 882 tImeaa
919 829 981 904 pro
996 817 1084 880 terra
1104 826 1210 902 qnam
1228 809 1452 904 personaliter
1468 808 1619 899 deseres,
1635 810 1719 904 qnia
1736 809 1767 882 si
1782 821 1954 906 oporteret

540 945 574 1009 te
597 935 763 1008 damnum
789 934 963 1006 incurrere
982 953 1028 1004 ex
1050 930 1116 1004 hac
1139 941 1255 1027 parte,
1276 941 1372 1004 tanto
1385 935 1500 1026 majus
1521 933 1587 1005 erit
1611 933 1833 1006 commodum
1856 935 1953 1029 qnod

540 1059 762 1154 consequeris
782 1080 829 1130 ex
848 1058 905 1130 illa
920 1067 959 1130 nt
972 1056 1138 1130 damnum
1154 1056 1384 1150 equanimiter
1397 1057 1443 1128 sit
1455 1055 1639 1130 commodo
1656 1057 1948 1153 postponendum.

540 1185 633 1271 Quid
651 1183 773 1280 plural
789 1183 825 1254 Si
846 1191 1001 1255 nostrum
1015 1182 1069 1254 vis
1085 1182 1183 1276 sequi
1200 1181 1384 1254 consilinm
1406 1191 1441 1256 et
1460 1181 1683 1274 mandatnm,
1708 1181 1806 1278 qnod
1831 1183 1953 1278 ntique

538 1311 636 1404 sequi
662 1309 770 1382 debes
787 1317 1108 1405 quantumcumque
1126 1307 1268 1380 difficile
1290 1306 1463 1399 videatur,
1483 1307 1588 1380 iacies
1603 1309 1841 1382 incunctanter
1856 1309 1951 1403 quud

538 1435 754 1508 consulimus
776 1443 812 1507 et
833 1433 1052 1506 mandamns.
1072 1434 1119 1504 Te
1137 1431 1243 1526 igitur
1264 1453 1326 1527 pm
1353 1431 1494 1506 servitio
1519 1441 1638 1506 sancte
1657 1432 1777 1505 matris
1799 1433 1952 1506 Ecclesia

538 1561 750 1633 laborantem
767 1557 888 1632 divina
900 1557 1009 1652 gratia
1021 1565 1056 1630 et
1068 1557 1254 1652 apostolica
1272 1555 1470 1630 benedictio
1486 1565 1728 1652 prosequatur.

587 1687 711 1757 Datum
733 1682 886 1773 Velletri,
903 1683 1008 1754 XVIII
1022 1681 1188 1754 kalendas
1204 1680 1365 1772 octobris,
1388 1679 1607 1776 pontificatus
1623 1702 1715 1754 anno
1731 1681 1865 1776 quinto.

588 1806 769 1906 [Sequitur
789 1807 932 1903 epistola
948 1807 1076 1879 Iacobo
1095 1807 1303 1880 marescalco
1330 1804 1435 1878 misen
1456 1814 1497 1876 ut
1515 1805 1650 1878 comitis
1669 1805 1877 1879 brennensis
1896 1825 1951 1878 se·

540 1941 669 2028 quator
684 1932 884 2020 consilinm,
908 1941 1021 2004 utrum
1038 1931 1096 2002 bic
1112 1931 1197 2004 velit
1214 1929 1378 2002 eumdem
1391 1929 1557 2003 Iacobum
1576 1951 1695 2003 666666
1709 1930 1895 2027 pmcedere
1913 1929 1952 2002 in

542 2057 693 2130 Siciliam
705 2078 750 2129 an
768 2058 805 2130 in
819 2057 944 2153 Apulia
961 2077 1150 2130 remanere.
1169 2059 1306 2143 Ilatum,
1326 2065 1366 2127 ut
1380 2052 1515 2153 supra]

779 2361 1043 2372 u———Q

372 2733 396 2766 ..
502 2755 509 2771 Ι
589 2645 829 2730 Innocentius
860 2671 961 2754 papa
986 2605 1267 2756 archiepiscopo
1289 2643 1427 2732 Montis
1449 2642 1602 2754 Regalis
1619 2651 1657 2728 et
1682 2641 1952 2728 Panomnilanu

536 2779 654 2864 electo
673 2782 841 2865 scribens
857 2781 998 2892 gaudet
1014 2781 1063 2864 de
1080 2789 1203 2866 morte
1220 2779 1384 2862 infidelis
1402 2778 1611 2866 IlIarcuaIdi
1638 2777 1706 2888 qui
1724 2803 1858 2862 eorum
1879 2803 1953 2862 vo-

535 2914 693 2997 luntatis
710 2913 940 3023 impediebat
957 2911 1151 3018 ellectum,
1171 2920 1372 3022 speratque
1394 2937 1460 2996 eos
1477 2911 1517 2993 id
1539 2921 1762 3020 operaturos
1778 2911 1884 3022 quod
1902 2911 1951 2994 od

535 3047 720 3132 honorem
738 3047 926 3131 Ecclesiae
939 3057 977 3130 at
989 3047 1117 3156 regiae
1132 3071 1317 3156 personae
1335 3045 1498 3128 salutem
1516 3045 1718 3128 redundet.

619 3261 749 3344 (Edider.
764 3264 954 3338 aaronem,
969 3263 1068 3324 Innoc.
1084 3263 1237 3342 111eput,
1251 3268 1275 3327 t.
1289 3263 1321 3336 1,
1337 3279 1369 3340 p.
1387 3271 1461 3336 666,
1481 3261 1696 3336 n⁰LIIXII1X3
1711 3263 1810 3324 minna
1822 3277 1893 3324 ven
1905 3261 1953 3322 ln·

659 3375 741 3449 tegre
757 3371 891 3446 Bonum,
908 3375 932 3430 t.
946 3369 975 3444 1,
991 3387 1023 3448 p.
1036 3378 1110 3442 666,
1125 3375 1156 3430 et
1173 3371 1346 3448 Rarum„
1358 3363 1472 3429 Aonal.
1491 3364 1599 3447 666166,
1614 3367 1654 3430 ad
1670 3384 1741 3430 ann.
1760 3376 1848 3442 1²02,
1860 3363 1885 3450 S
1898 3365 1950 3446 V.)

586 3555 824 3646 Innocentius,
855 3561 943 3645 etc,
974 3551 1011 3625 C.
1042 3552 1300 3650 archiepiscopo
1329 3553 1458 3626 Montis
1486 3553 1624 3646 Regalis
1647 3562 1683 3626 et
1711 3553 1953 3628 Panormitano

537 3681 657 3771 electo,
673 3691 739 3753 etc.
757 3678 822 3775 (l).
839 3677 1046 3752 benedictos
1057 3679 1151 3750 Deus
1161 3688 1197 3750 66
1212 3687 1310 3774 pater
1324 3677 1462 3750 Domini
1477 3677 1585 3750 nostri
1598 3679 1680 3750 Jasn
1696 3677 1838 3769 Christi,
1856 3686 1952 3774 pater

537 3802 850 3890 misericordiarum
881 3812 916 3875 ct
945 3803 1038 3875 Dens
1065 3803 1171 3875 totius
1198 3802 1462 3894 consolatIonis,
1487 3802 1550 3898 qni
1581 3812 1660 3899 pust
1686 3801 1846 3875 nubilum
1874 3802 1954 3874 iecit

539 3949 700 4001 serenum
721 3937 756 4000 et
777 3937 855 4023 post
879 3927 1157 4022 lacrymationem
1182 3935 1217 4000 66
1238 3927 1357 4000 llatum
1378 3925 1548 4021 gaudium
1570 3935 1606 4000 et
1628 3927 1877 4001 exultationem
1900 3927 1954 3998 ln·

540 4052 656 4144 duxit,
675 4052 736 4146 qni
754 4073 823 4124 noo
846 4051 1029 4146 dereliquit
1049 4052 1184 4146 virgam
1208 4051 1397 4147 peccatoris
1415 4073 1522 4149 snper
1539 4061 1666 4126 sortem
1679 4053 1869 4144 justorum,
1890 4047 1953 4124 sad

539 4198 681 4250 causam
701 4177 830 4269 justam
852 4175 1017 4249 discrevit
1037 4197 1058 4248 6
1083 4185 1185 4270 gente
1214 4197 1283 4249 non
1310 4185 1429 4251 sancta
1448 4186 1484 4251 et
1506 4176 1634 4272 eripuit
1656 4197 1721 4250 vos
1745 4177 1791 4250 ab
1814 4175 1954 4249 homine

541 4302 661 4397 iniquo
675 4301 803 4397 pariter
819 4310 854 4372 at
867 4299 999 4392 doloso,
1018 4300 1162 4395 quinon
1178 4301 1292 4396 posuit
1307 4303 1417 4374 Deum
1433 4300 1628 4396 adjutorem
1646 4300 1731 4391 sibi,
1752 4299 1815 4374 sed
1832 4299 1869 4370 in
1888 4319 1954 4372 sna

540 4427 713 4522 prevaluit
736 4425 905 4518 vanitate,
927 4435 966 4498 ut
992 4426 1209 4522 omnipotens
1235 4427 1328 4499 Deus
1356 4448 1421 4500 vos
1451 4427 1608 4522 aliusque
1636 4425 1758 4499 Iidclas
1787 4433 1951 4520 tanquam

576 4691 613 4766 (t)
630 4692 699 4752 vtae
711 4657 801 4767 snpra,
817 4707 846 4768 p.
860 4695 905 4762 oo,
920 4697 977 4750 not.
989 4695 1017 4748 t.
