4378 5954
540 543 599 608 108
1038 545 1253 608 rntnuntct
1279 545 1456 608 sectant
1758 547 1842 626 [nar.
1862 549 1950 610 tect.

537 701 619 754 cum
636 677 757 752 litteris
775 679 879 773 regiis
895 679 943 752 ad
963 689 1115 754 nostram
1137 680 1344 776 presentiam
1362 676 1541 752 destinasti
1559 685 1594 750 et
1609 699 1679 772 que
1695 699 1764 752 uon
1783 689 1853 752 tam
1872 701 1951 776 pro·

538 803 644 876 missa
660 825 766 898 qnam
787 803 953 898 requisita
977 805 1117 877 luerunt
1132 805 1355 899 pensavimus
1368 803 1564 897 diiigenter.
1586 802 1689 874 Ponu
1705 803 1736 876 si
1754 825 1823 876 uon
1839 806 1951 878 solum

537 949 586 1000 ex
603 949 707 1020 equo,
720 948 841 1000 veram
857 927 961 1000 etiam
977 951 997 1000 e
1014 928 1132 1001 vicino
1145 929 1404 1024 respondissent
1421 927 1602 1023 postulatis
1617 927 1746 1018 oblata,
1763 929 1952 1002 satisfecis-

536 1071 654 1124 semus
672 1051 794 1145 utique
812 1053 1008 1146 postulatis,
1027 1074 1108 1124 cum
1127 1053 1174 1126 ad
1192 1051 1283 1148 regis
1298 1056 1444 1142 salutem
1462 1061 1498 1124 et
1511 1052 1609 1146 mgni
1627 1073 1746 1147 pacem
1768 1053 1951 1126 efficaciter

537 1174 747 1268 aspiremus,
767 1184 864 1248 tuum
879 1177 1081 1270 quoque,si
1098 1199 1159 1272 per
1176 1178 1338 1273 teipsum
1355 1199 1424 1250 uon
1437 1177 1586 1263 steterit,
1605 1197 1789 1272 procurare
1803 1177 1950 1252 velimus

535 1298 699 1372 honorem
721 1299 849 1394 pariter
866 1309 902 1374 et
919 1303 1124 1396 proiectum.
1145 1303 1330 1396 Sperantes
1350 1301 1457 1395 igitur
1473 1300 1569 1394 quud
1588 1310 1626 1372 tu
1646 1300 1819 1374 intellecto
1837 1301 1950 1374 bene

535 1423 659 1518 placito
677 1433 795 1496 nostro
812 1423 888 1496 siue
906 1424 1108 1498 difficultate
1130 1427 1259 1500 debeas
1280 1435 1394 1500 nostre
1412 1425 1633 1520 acquiescere
1648 1425 1835 1514 voluntati,
1854 1435 1950 1498 trac-

534 1553 604 1618 tate
624 1545 719 1641 pacis
737 1547 915 1640 negotium
935 1548 982 1621 ad
998 1548 1163 1622 dilectum
1183 1547 1292 1620 lilium
1309 1549 1351 1620 G.
1372 1550 1488 1622 Sancti
1509 1547 1653 1620 Adriani
1670 1548 1856 1621 diaconum
1873 1569 1949 1622 car·

536 1670 701 1758 dinalem,
713 1669 909 1765 Apostolice
921 1671 1023 1744 Sedis
1035 1673 1200 1766 legatum,
1211 1673 1379 1746 duximus
1394 1671 1627 1758 referendum,
1636 1695 1739 1766 quem
1750 1673 1787 1744 iu
1797 1673 1948 1746 Siciliam

535 1793 582 1866 ad
608 1793 701 1886 regis
727 1794 936 1888 presentiam
969 1797 1168 1870 curarimus
1189 1796 1375 1871 destinare.
1407 1796 1576 1881 Quocirca
1610 1796 1823 1870 nobilitatem
1852 1807 1947 1868 tuam
2055 1863 2057 1868 .

535 1937 717 1990 monemus
735 1917 899 1992 attentius
920 1941 981 2013 per
1003 1921 1189 2016 apostolica
1211 1920 1273 1994 tibi
1294 1920 1418 2012 scripta
1439 1920 1643 1992 mandantes
1663 1930 1834 2013 quatenus
1851 1921 1949 2011 ejus-

537 2039 618 2114 dem
643 2041 827 2114 cardinalis
857 2043 995 2116 monitis
1018 2053 1053 2116 et
1078 2044 1229 2116 consiliis
1254 2043 1455 2138 acquiescas
1485 2044 1590 2117 etad
1621 2045 1948 2118 consummationem

535 2164 632 2260 pacis
650 2166 771 2259 utique
788 2167 980 2240 necessarie
999 2190 1078 2240 cum
1098 2168 1222 2242 eodem
1239 2167 1420 2241 cardinale.
1437 2167 1496 2240 cui
1521 2169 1774 2260 beneplacitum
1794 2177 1948 2240 nocuum

537 2288 791 2382 expressimus,
812 2288 961 2384 diligens
983 2292 1137 2366 studium
1164 2303 1200 2366 et
1224 2313 1364 2387 operam
1382 2292 1555 2364 efficacem
1574 2292 1773 2386 impendas;
1799 2293 1948 2364 sciturus

534 2433 599 2508 pro
615 2422 708 2486 certo
724 2414 821 2508 quod
841 2415 936 2510 apud
953 2417 1064 2488 Deum
1084 2427 1119 2489 et
1138 2417 1234 2512 apud
1253 2416 1412 2516 homines
1436 2427 1471 2488 at
1491 2417 1527 2487 iu
1555 2415 1700 2510 presenti
1723 2427 1759 2487 et
1779 2416 1814 2486 in
1833 2416 1947 2486 lutum

533 2537 644 2630 gratia
659 2547 774 2610 nostra
790 2538 852 2612 tibi
869 2539 991 2634 poterit
1008 2540 1194 2636 plurimum
1213 2562 1288 2614 esse
1304 2543 1490 2614 trouuosa.
1508 2541 1567 2612 Sin
1585 2561 1686 2625 vero,
1704 2540 1946 2612 correctionem

534 2668 570 2733 et
591 2661 860 2735 admonitionem
878 2662 1033 2736 divinam
1057 2674 1092 2736 et
1115 2664 1387 2758 indignationem
1409 2665 1631 2760 apostolicam
1658 2663 1784 2760 poteris
1804 2662 1945 2756 gravis-

533 2783 621 2857 sime
637 2758 834 2859 formidare.

581 2911 706 2982 Datum
726 2911 833 2984 llcme
856 2909 953 3006 apud
976 2913 1140 2985 Sanctum
1163 2913 1317 3000 Petrum,
1340 2913 1384 2984 lll
1410 2933 1519 2985 nouas
1541 2911 1709 3002 octobris,
1729 2908 1944 3006 pontificatus

533 3034 640 3106 nostri
659 3055 750 3107 anno
769 3034 926 3130 septimo.

580 3157 751 3252 Scriptum
767 3169 820 3232 est
839 3181 918 3230 cum
937 3160 1027 3232 notis
1042 3159 1294 3256 chronologicis
1315 3159 1445 3234 eisdem
1464 3161 1502 3232 L.
1522 3161 1617 3254 regio
1638 3159 1885 3252 protonotario,
1906 3165 1944 3230 nt

530 3281 567 3354 in
590 3280 754 3354 fidelitate
773 3284 865 3378 regis
880 3293 914 3358 st
932 3285 1106 3358 Romanae
1122 3285 1297 3358 Ecclesiae
1317 3285 1582 3358 consistatl'id.
1596 3285 1778 3372 Ramnes,
1796 3281 1843 3354 ad
1857 3305 1939 3354 anu.

531 3403 641 3496 tuot,
661 3407 681 3499 S
700 3429 793 3480 cxxv.

756 3691 913 3706 Μ

361 3985 458 4038 aaa.
580 3955 821 4039 Innocentius
847 3981 947 4065 papa
973 3955 1018 4038 G.
1041 3955 1169 4038 Sancti
1188 3955 1347 4038 Adriani
1365 3954 1525 4038 diacorm
1544 3953 1727 4036 cardinali
1751 3951 1882 4036 scribit
1899 3977 1939 4033 se

318 4039 500 4140 ‘'amisffin’
524 4089 669 4172 nuntiis
686 4115 784 4200 quos
798 4116 840 4171 ex
857 4098 963 4197 parte
976 4089 1080 4200 regie
1093 4089 1310 4173 Willelmus
1327 4089 1573 4198 Capparouus
1592 4113 1713 4197 nuper
1730 4086 1801 4168 sibi
1815 4097 1939 4168 trans-

524 4223 648 4330 misit,
668 4222 782 4305 finele
800 4247 1025 4332 responsum
1053 4223 1144 4304 dare
1171 4222 1358 4330 noluisse,
1378 4223 1443 4304 sed
1463 4233 1664 4304 tractatum
1689 4219 1793 4329 pacis
1820 4219 1938 4328 ipsius

523 4355 739 4440 discretioni
758 4353 1004 4438 remisissent
1021 4357 1199 4466 procedat
1217 4356 1314 4440 sicul
1331 4355 1467 4438 honori
1485 4353 1688 4462 Ecclesiae,
1705 4351 1818 4438 saluti
1837 4351 1936 4462 regis

524 4500 562 4572 et
579 4492 686 4601 regni
705 4490 822 4600 quieti
836 4489 1064 4574 convenerit.

607 4678 706 4760 (succ
721 4681 912 4754 Bracmani,
928 4679 1026 4742 innoc.
1041 4679 1090 4741 111
1099 4677 1223 4760 epistol„
1235 4681 1288 4743 ltb.
1302 4681 1376 4757 Vll,
1390 4685 1415 4744 t.
1430 4682 1474 4757 ll,
1487 4697 1518 4757 p.
1534 4677 1618 4756 set.)
