4334 5980
227 554 326 616 lunser.
345 553 385 630 l.]
675 549 873 613 HISTORIA
896 549 1190 612 bretoullmctt
1580 549 1640 612 239

229 698 310 761 nete
329 689 483 760 Romane
499 687 650 760 Ecclesie
673 689 902 784 persolvatur,
931 709 972 761 eo
996 697 1096 784 pacto
1121 697 1161 760 nt
1187 687 1352 760 libertatis
1375 687 1475 760 istius
1499 695 1534 760 et
1556 709 1637 761 con-

230 811 424 908 scriptionis
450 819 577 884 statuta
607 820 702 884 tuoto
727 813 914 908 perennius
940 813 1142 886 inconvulsa
1163 821 1386 908 permaneant
1409 821 1443 886 et
1472 820 1511 884 ut
1539 833 1639 908 sepe·

230 936 361 1010 dietum
391 936 637 1009 monasterium
667 937 734 1008 sub
761 938 913 1010 Romane
938 938 1090 1010 Ecclesia
1117 937 1366 1010 mundiburdio
1394 946 1430 1010 et
1462 938 1640 1030 majestate

230 1082 392 1134 securum
414 1081 551 1156 semper
568 1060 760 1132 stabiliatur
777 1083 818 1134 ac
838 1062 1056 1136 defendatur.
1077 1061 1238 1135 Predium
1260 1062 1296 1132 in
1314 1083 1384 1156 quo
1403 1061 1478 1158 ipsu
1496 1063 1640 1136 eeclesia

230 1184 375 1258 lundata
393 1193 446 1256 est
462 1184 509 1258 ad
526 1185 703 1280 superiora
719 1185 864 1260 tendens
880 1187 1041 1282 pertingit
1054 1185 1225 1282 usquead
1243 1207 1364 1281 rupem
1377 1187 1496 1260 Stobin
1508 1188 1641 1282 absque

230 1307 348 1402 aliqnu
365 1308 585 1402 exceptione.
606 1309 650 1380 Ut
668 1319 782 1382 antem
803 1309 868 1382 hec
885 1309 1001 1382 omnia
1018 1331 1088 1405 qne
1106 1331 1209 1405 supra
1230 1310 1356 1406 scripta
1373 1319 1454 1384 sunt
1475 1323 1641 1406 perpetue

231 1429 401 1504 firmitatis
420 1432 526 1504 robur
543 1433 737 1523 obtineant,
755 1433 823 1508 boc
837 1456 978 1530 presens
994 1434 1214 1531 privilegium
1238 1434 1408 1508 conscribi
1419 1435 1588 1530 jussimus
1606 1445 1642 1508 et

231 1557 418 1648 majestatis
435 1565 549 1630 nostre
566 1557 679 1652 sigillo
697 1558 914 1632 communiri.

280 1682 392 1776 Hujus
413 1681 463 1754 rei
490 1691 592 1756 testes
616 1693 696 1755 sunt
713 1683 896 1776 sigifridus
915 1685 1137 1779 Magnetinns
1154 1683 1451 1779 archiepiscopus,
1471 1683 1641 1758 berardus

232 1803 393 1878 Berensis
416 1806 715 1903 archiepiscopus,
740 1808 910 1880 Districus
932 1808 1148 1882 Treverensis
1170 1809 1316 1900 electus,
1345 1829 1459 1882 comes
1473 1807 1643 1881 Rudollus

231 1925 278 2000 de
291 1930 521 2022 Habisburoh,
541 1953 656 2004 comes
670 1931 832 2006 Albertns
849 1932 895 2008 de
909 1933 1105 2020 llberstein,
1126 1954 1241 2006 comes
1257 1931 1404 2007 Adollus
1417 1932 1463 2006 de
1480 1931 1642 2006 scowin-

232 2051 355 2144 burch‚
383 2053 598 2128 lleinherdus
617 2055 662 2130 de
681 2057 868 2151 Bemowa,
887 2057 1053 2132 liudolfus
1072 2057 1118 2131 de
1134 2056 1442 2152 Reprebtswilare,
1462 2055 1642 2128 Heinricns

233 2180 464 2250 marescalcus
489 2179 535 2252 de
562 2179 757 2254 Challindin
781 2181 853 2278 (t),
881 2181 1091 2255 Wernberus
1112 2181 1245 2278 dapifer
1268 2181 1312 2255 de
1336 2179 1533 2269 Bollundia,
1557 2180 1637 2252 Phi·

232 2301 350 2398 lippus
367 2303 412 2378 de
426 2304 621 2396 Bollandia,
641 2313 677 2378 et
693 2306 751 2378 alii
764 2309 1000 2402 quamplures.

282 2426 427 2520 Signum
450 2429 583 2502 domini
610 2430 715 2502 nostri
738 2430 927 2522 Frederici,
953 2431 1014 2504 Dei
1039 2430 1148 2524 gratia
1171 2429 1387 2503 invictissimi
1411 2425 1639 2504 Romanorum

233 2551 341 2644 regis,
366 2560 401 2623 et
417 2572 554 2650 semper
571 2555 711 2648 augusti
728 2563 763 2627 ct
780 2555 872 2648 regis
889 2554 1017 2628 Sicilie.

281 2674 356 2770 Ego
373 2675 574 2750 Chonredus
594 2679 753 2752 Metensis
774 2679 973 2774 episcopus,
993 2661 1178 2773 imperialis
1195 2677 1275 2750 aule
1297 2675 1542 2766 cancellarios,
1563 2675 1641 2748 vice

236 2796 367 2872 domini
382 2800 539 2894 Sigilridi
552 2801 754 2897 Maguntine
772 2801 865 2876 sedis
879 2801 1128 2898 archiepiscopi
1151 2801 1255 2876 tutius
1272 2800 1450 2874 Germanic
1464 2799 1640 2874 archican-

234 2922 381 3014 oellerii,
401 2925 600 3018 recognovi.

282 3045 368 3118 Acta
385 3055 467 3118 sunt
483 3049 550 3120 bec
565 3068 656 3121 anno
678 3045 851 3122 dominice
871 3047 1117 3122 incarnationis
1134 3045 1300 3140 MCCXll,
1319 3057 1485 3142 regnante
1501 3045 1642 3122 domino

235 3169 409 3244 friderico
431 3173 580 3266 glorioso
601 3173 830 3246 Romanorum
852 3193 935 3267 rege
955 3181 1104 3266 augusto
1121 3181 1157 3247 et
1179 3192 1262 3266 rege
1283 3171 1415 3264 Sicilie,
1435 3191 1527 3245 anno
1544 3171 1641 3263 regni

235 3295 312 3387 ejus
329 3296 471 3368 llomuni
488 3298 516 3388 l,
535 3297 633 3392 mgni
650 3319 734 3372 vero
751 3296 866 3370 Sicilie
882 3296 1004 3392 quinto
1023 3297 1174 3385 decimo,
1193 3294 1383 3370 indictione
1399 3296 1427 3370 l.

284 3420 409 3493 Datum
423 3420 520 3518 apud
535 3422 802 3518 Heginuuginm,
819 3421 864 3496 lll
882 3441 991 3496 nouas
1001 3420 1163 3514 januarii.

290 4001 521 4110 FrideriouS,
538 3959 800 4088 Romanorum
816 4029 902 4110 rex,
922 4003 972 4086 ad
993 4002 1242 4087 imitationem
1265 4001 1427 4112 Philippi
1448 4001 1549 4112 regis
1565 4027 1644 4110 pa·
1713 4085 1740 4128 ιε

208 4194 212 4200 -
238 4135 314 4219 trui
334 4137 413 4244 sui,
432 4137 614 4221 coenobio
631 4137 728 4223 Novi
748 4137 870 4220 Castri
889 4135 1160 4249 (Neuenburg)
1180 4137 1365 4222 allodium
1377 4137 1416 4218 in
1429 4137 1644 4220 Haribusen
1734 4140 1792 4171 ³⁰⁰²
1812 4129 1826 4171 ’·

238 4294 328 4353 cum
346 4269 551 4354 attinentiis
567 4271 647 4354 suis
664 4271 783 4355 donat
799 4281 836 4354 et
853 4271 893 4354 in
909 4281 1133 4382 perpetuum
1150 4269 1363 4356 confirmat.

275 4589 312 4665 (tl
330 4590 434 4650 Nobilis
444 4592 496 4650 iste
507 4593 658 4666 usquedum
670 4591 769 4652 Othoni
782 4591 991 4665 addictissimus,
1008 4608 1081 4650 nunc
1097 4591 1185 4666 prima
1203 4591 1263 4651 vice
1280 4591 1350 4648 inter
1363 4589 1489 4650 Friderici
1503 4589 1646 4648 familiares

238 4695 412 4748 memoratur.
430 4707 442 4736 ν
460 4712 465 4727 .
