<?xml version="1.0" encoding="UTF-8"?>
<!DOCTYPE html PUBLIC "-//W3C//DTD XHTML 1.0 Transitional//EN"
    "http://www.w3.org/TR/xhtml1/DTD/xhtml1-transitional.dtd">
<html xmlns="http://www.w3.org/1999/xhtml" xml:lang="en" lang="en">
 <head>
  <title>
</title>
<meta http-equiv="Content-Type" content="text/html;charset=utf-8" />
  <meta name='ocr-system' content='tesseract 3.04.00' />
  <meta name='ocr-capabilities' content='ocr_page ocr_carea ocr_par ocr_line ocrx_word'/>
</head>
<body>
  <div class='ocr_page' id='page_1' title='image "./historiadiploma06fredgoog_0050.png"; bbox 0 0 4434 5942; ppageno 0'>
   <div class='ocr_carea' id='block_1_1' title="bbox 250 559 1663 645">
    <p class='ocr_par' dir='ltr' id='par_1_1' title="bbox 250 559 1663 645">
     <span class='ocr_line' id='line_1_1' title="bbox 250 559 1663 645; baseline -0.008 -14"><span class='ocrx_word' id='word_1_1' title='bbox 250 567 409 645; x_wconf 51' lang='grc' dir='ltr'><strong>ἱππικά]</strong></span> <span class='ocrx_word' id='word_1_2' title='bbox 703 559 902 622; x_wconf 74' lang='lat' dir='ltr'>HISTORIA</span> <span class='ocrx_word' id='word_1_3' title='bbox 927 559 1222 622; x_wconf 79' lang='lat' dir='ltr'><strong>olrtottertca</strong></span> <span class='ocrx_word' id='word_1_4' title='bbox 1625 560 1663 620; x_wconf 81' lang='lat' dir='ltr'><strong>ot</strong></span> 
     </span>
    </p>
   </div>
   <div class='ocr_carea' id='block_1_2' title="bbox 248 692 1667 943">
    <p class='ocr_par' dir='ltr' id='par_1_2' title="bbox 248 692 1667 943">
     <span class='ocr_line' id='line_1_2' title="bbox 249 692 1667 805; baseline -0.006 -20"><span class='ocrx_word' id='word_1_5' title='bbox 249 700 480 785; x_wconf 87' lang='lat' dir='ltr'><strong>solutionem</strong></span> <span class='ocrx_word' id='word_1_6' title='bbox 502 704 677 805; x_wconf 85' lang='lat' dir='ltr'><strong>receptus</strong></span> <span class='ocrx_word' id='word_1_7' title='bbox 702 693 833 800; x_wconf 83' lang='lat' dir='ltr'><strong>fuerit,</strong></span> <span class='ocrx_word' id='word_1_8' title='bbox 859 693 932 778; x_wconf 92' lang='lat' dir='ltr'><strong>sub</strong></span> <span class='ocrx_word' id='word_1_9' title='bbox 950 693 1076 778; x_wconf 84' lang='lat' dir='ltr'><strong>forma</strong></span> <span class='ocrx_word' id='word_1_10' title='bbox 1090 693 1262 777; x_wconf 88' lang='lat' dir='ltr'><strong>mandati</strong></span> <span class='ocrx_word' id='word_1_11' title='bbox 1280 692 1476 804; x_wconf 87' lang='lat' dir='ltr'><strong>apostolici</strong></span> <span class='ocrx_word' id='word_1_12' title='bbox 1500 693 1604 804; x_wconf 89' lang='lat' dir='ltr'><strong>quod</strong></span> <span class='ocrx_word' id='word_1_13' title='bbox 1627 719 1667 776; x_wconf 88' lang='lat' dir='ltr'><strong>se</strong></span> 
     </span>
     <span class='ocr_line' id='line_1_3' title="bbox 248 826 882 943; baseline -0.016 -24"><span class='ocrx_word' id='word_1_14' title='bbox 248 831 425 943; x_wconf 81' lang='lat' dir='ltr'><strong>promisit</strong></span> <span class='ocrx_word' id='word_1_15' title='bbox 442 827 603 912; x_wconf 85' lang='lat' dir='ltr'><strong>fideliter</strong></span> <span class='ocrx_word' id='word_1_16' title='bbox 620 826 882 936; x_wconf 88' lang='lat' dir='ltr'><strong>impleturum.</strong></span> 
     </span>
    </p>
   </div>
   <div class='ocr_carea' id='block_1_3' title="bbox 332 1028 1495 1117">
    <p class='ocr_par' dir='ltr' id='par_1_3' title="bbox 332 1028 1495 1117">
     <span class='ocr_line' id='line_1_4' title="bbox 332 1028 1495 1117; baseline -0.003 -19"><span class='ocrx_word' id='word_1_17' title='bbox 332 1036 430 1117; x_wconf 79' lang='lat' dir='ltr'><strong>(lldlt.</strong></span> <span class='ocrx_word' id='word_1_18' title='bbox 444 1037 477 1096; x_wconf 90' lang='lat' dir='ltr'><strong>tn</strong></span> <span class='ocrx_word' id='word_1_19' title='bbox 491 1028 614 1114; x_wconf 72' lang='lat' dir='ltr'><strong>Epistol.</strong></span> <span class='ocrx_word' id='word_1_20' title='bbox 628 1032 728 1093; x_wconf 77' lang='lat' dir='ltr'><strong>lance.</strong></span> <span class='ocrx_word' id='word_1_21' title='bbox 743 1034 798 1110; x_wconf 88' lang='lat'><strong>111,</strong></span> <span class='ocrx_word' id='word_1_22' title='bbox 813 1033 867 1096; x_wconf 84' lang='lat' dir='ltr'><strong>tlh.</strong></span> <span class='ocrx_word' id='word_1_23' title='bbox 883 1034 924 1109; x_wconf 92' lang='lat' dir='ltr'><strong>ll,</strong></span> <span class='ocrx_word' id='word_1_24' title='bbox 939 1042 974 1093; x_wconf 87' lang='lat' dir='ltr'><strong>n⁰</strong></span> <span class='ocrx_word' id='word_1_25' title='bbox 990 1040 1059 1108; x_wconf 79' lang='lat' dir='ltr'><strong>tot,</strong></span> <span class='ocrx_word' id='word_1_26' title='bbox 1074 1049 1121 1112; x_wconf 88' lang='lat' dir='ltr'><strong>ap.</strong></span> <span class='ocrx_word' id='word_1_27' title='bbox 1138 1033 1268 1109; x_wconf 80' lang='lat' dir='ltr'><strong>Batora,</strong></span> <span class='ocrx_word' id='word_1_28' title='bbox 1282 1039 1307 1096; x_wconf 90' lang='lat' dir='ltr'><strong>t.</strong></span> <span class='ocrx_word' id='word_1_29' title='bbox 1322 1033 1348 1108; x_wconf 93' lang='lat' dir='ltr'><strong>I,</strong></span> <span class='ocrx_word' id='word_1_30' title='bbox 1362 1050 1393 1112; x_wconf 90' lang='lat' dir='ltr'><strong>p.</strong></span> <span class='ocrx_word' id='word_1_31' title='bbox 1410 1035 1495 1110; x_wconf 81' lang='lat' dir='ltr'><strong>tls.)</strong></span> 
     </span>
    </p>
   </div>
   <div class='ocr_carea' id='block_1_4' title="bbox 181 1211 1667 4548">
    <p class='ocr_par' dir='ltr' id='par_1_4' title="bbox 247 1211 1667 2431">
     <span class='ocr_line' id='line_1_5' title="bbox 298 1211 1667 1310; baseline -0.001 -22"><span class='ocrx_word' id='word_1_32' title='bbox 298 1213 641 1305; x_wconf 87' lang='lat' dir='ltr'><strong>Innocentius,·etc.,</strong></span> <span class='ocrx_word' id='word_1_33' title='bbox 661 1211 948 1310; x_wconf 78' lang='lat' dir='ltr'><strong>archiepiscopis,</strong></span> <span class='ocrx_word' id='word_1_34' title='bbox 966 1213 1159 1309; x_wconf 89' lang='lat' dir='ltr'><strong>episcopis,</strong></span> <span class='ocrx_word' id='word_1_35' title='bbox 1176 1211 1377 1303; x_wconf 74' lang='lat' dir='ltr'><strong>comitibus,</strong></span> <span class='ocrx_word' id='word_1_36' title='bbox 1392 1211 1595 1302; x_wconf 83' lang='lat' dir='ltr'><strong>baronibus,</strong></span> <span class='ocrx_word' id='word_1_37' title='bbox 1611 1213 1667 1286; x_wconf 92' lang='lat' dir='ltr'><strong>ci-</strong></span> 
     </span>
     <span class='ocr_line' id='line_1_6' title="bbox 247 1335 1666 1434; baseline -0.001 -21"><span class='ocrx_word' id='word_1_38' title='bbox 247 1340 355 1414; x_wconf 80' lang='lat' dir='ltr'><strong>vibus</strong></span> <span class='ocrx_word' id='word_1_39' title='bbox 375 1349 411 1412; x_wconf 92' lang='lat' dir='ltr'><strong>et</strong></span> <span class='ocrx_word' id='word_1_40' title='bbox 426 1339 590 1410; x_wconf 86' lang='lat' dir='ltr'><strong>universo</strong></span> <span class='ocrx_word' id='word_1_41' title='bbox 607 1338 737 1434; x_wconf 92' lang='lat' dir='ltr'><strong>populo</strong></span> <span class='ocrx_word' id='word_1_42' title='bbox 755 1337 791 1408; x_wconf 94' lang='lat' dir='ltr'><strong>in</strong></span> <span class='ocrx_word' id='word_1_43' title='bbox 809 1359 918 1432; x_wconf 81' lang='lat' dir='ltr'><strong>regno</strong></span> <span class='ocrx_word' id='word_1_44' title='bbox 939 1337 1055 1410; x_wconf 93' lang='lat' dir='ltr'><strong>Sicilie</strong></span> <span class='ocrx_word' id='word_1_45' title='bbox 1075 1337 1280 1426; x_wconf 90' lang='lat' dir='ltr'><strong>constitutis,</strong></span> <span class='ocrx_word' id='word_1_46' title='bbox 1300 1347 1366 1410; x_wconf 91' lang='lat' dir='ltr'><strong>etc.</strong></span> <span class='ocrx_word' id='word_1_47' title='bbox 1387 1335 1442 1410; x_wconf 81' lang='lat' dir='ltr'><strong>Ad</strong></span> <span class='ocrx_word' id='word_1_48' title='bbox 1458 1337 1666 1412; x_wconf 86' lang='lat' dir='ltr'><strong>reconcilia-</strong></span> 
     </span>
     <span class='ocr_line' id='line_1_7' title="bbox 250 1461 1666 1559; baseline -0.002 -22"><span class='ocrx_word' id='word_1_49' title='bbox 250 1465 379 1538; x_wconf 81' lang='lat' dir='ltr'><strong>tionem</strong></span> <span class='ocrx_word' id='word_1_50' title='bbox 395 1473 431 1536; x_wconf 89' lang='lat' dir='ltr'><strong>et</strong></span> <span class='ocrx_word' id='word_1_51' title='bbox 449 1462 683 1558; x_wconf 82' lang='lat' dir='ltr'><strong>receptionem</strong></span> <span class='ocrx_word' id='word_1_52' title='bbox 701 1461 912 1536; x_wconf 85' lang='lat' dir='ltr'><strong>Maroovaldi</strong></span> <span class='ocrx_word' id='word_1_53' title='bbox 930 1461 1086 1536; x_wconf 89' lang='lat' dir='ltr'><strong>debitum</strong></span> <span class='ocrx_word' id='word_1_54' title='bbox 1104 1463 1207 1535; x_wconf 86' lang='lat' dir='ltr'><strong>officii</strong></span> <span class='ocrx_word' id='word_1_55' title='bbox 1225 1463 1491 1559; x_wconf 88' lang='lat' dir='ltr'><strong>pastoralisque</strong></span> <span class='ocrx_word' id='word_1_56' title='bbox 1510 1470 1666 1535; x_wconf 88' lang='lat' dir='ltr'><strong>tenemur</strong></span> 
     </span>
     <span class='ocr_line' id='line_1_8' title="bbox 249 1586 1660 1682; baseline -0.003 -18"><span class='ocrx_word' id='word_1_57' title='bbox 249 1609 371 1664; x_wconf 89' lang='lat' dir='ltr'><strong>omnes</strong></span> <span class='ocrx_word' id='word_1_58' title='bbox 387 1587 434 1662; x_wconf 93' lang='lat' dir='ltr'><strong>ad</strong></span> <span class='ocrx_word' id='word_1_59' title='bbox 451 1587 547 1662; x_wconf 85' lang='lat' dir='ltr'><strong>viam</strong></span> <span class='ocrx_word' id='word_1_60' title='bbox 570 1586 790 1660; x_wconf 86' lang='lat' dir='ltr'><strong>rectitudinis</strong></span> <span class='ocrx_word' id='word_1_61' title='bbox 804 1607 968 1661; x_wconf 80' lang='lat' dir='ltr'><strong>revocem</strong></span> <span class='ocrx_word' id='word_1_62' title='bbox 982 1609 1023 1661; x_wconf 93' lang='lat' dir='ltr'><strong>ac</strong></span> <span class='ocrx_word' id='word_1_63' title='bbox 1040 1587 1223 1660; x_wconf 89' lang='lat' dir='ltr'><strong>redeuntes</strong></span> <span class='ocrx_word' id='word_1_64' title='bbox 1246 1587 1396 1682; x_wconf 87' lang='lat' dir='ltr'><strong>recipere</strong></span> <span class='ocrx_word' id='word_1_65' title='bbox 1418 1607 1482 1661; x_wconf 91' lang='lat' dir='ltr'><strong>nos</strong></span> <span class='ocrx_word' id='word_1_66' title='bbox 1500 1586 1660 1680; x_wconf 84' lang='lat' dir='ltr'><strong>induxit,</strong></span> 
     </span>
     <span class='ocr_line' id='line_1_9' title="bbox 251 1710 1666 1810; baseline -0.001 -23"><span class='ocrx_word' id='word_1_67' title='bbox 251 1723 287 1788; x_wconf 89' lang='lat' dir='ltr'><strong>et</strong></span> <span class='ocrx_word' id='word_1_68' title='bbox 301 1722 417 1810; x_wconf 89' lang='lat' dir='ltr'><strong>optata</strong></span> <span class='ocrx_word' id='word_1_69' title='bbox 430 1713 529 1807; x_wconf 75' lang='lat' dir='ltr'><strong>regni</strong></span> <span class='ocrx_word' id='word_1_70' title='bbox 545 1711 777 1806; x_wconf 90' lang='lat' dir='ltr'><strong>tranquillitas</strong></span> <span class='ocrx_word' id='word_1_71' title='bbox 794 1712 956 1784; x_wconf 87' lang='lat' dir='ltr'><strong>invitavit</strong></span> <span class='ocrx_word' id='word_1_72' title='bbox 975 1721 1015 1784; x_wconf 92' lang='lat' dir='ltr'><strong>ut</strong></span> <span class='ocrx_word' id='word_1_73' title='bbox 1033 1712 1136 1785; x_wconf 91' lang='lat' dir='ltr'><strong>simul</strong></span> <span class='ocrx_word' id='word_1_74' title='bbox 1152 1722 1187 1784; x_wconf 91' lang='lat' dir='ltr'><strong>et</strong></span> <span class='ocrx_word' id='word_1_75' title='bbox 1202 1711 1463 1784; x_wconf 78' lang='lat' dir='ltr'><strong>humiliaremus</strong></span> <span class='ocrx_word' id='word_1_76' title='bbox 1478 1710 1610 1783; x_wconf 91' lang='lat' dir='ltr'><strong>bostem</strong></span> <span class='ocrx_word' id='word_1_77' title='bbox 1629 1720 1666 1785; x_wconf 88' lang='lat' dir='ltr'><strong>et</strong></span> 
     </span>
     <span class='ocr_line' id='line_1_10' title="bbox 249 1831 1664 1931; baseline -0.003 -23"><span class='ocrx_word' id='word_1_78' title='bbox 249 1836 470 1910; x_wconf 90' lang='lat' dir='ltr'><strong>humiliatum</strong></span> <span class='ocrx_word' id='word_1_79' title='bbox 484 1843 520 1908; x_wconf 90' lang='lat' dir='ltr'><strong>et</strong></span> <span class='ocrx_word' id='word_1_80' title='bbox 532 1835 742 1931; x_wconf 84' lang='lat' dir='ltr'><strong>penitentem</strong></span> <span class='ocrx_word' id='word_1_81' title='bbox 756 1837 832 1928; x_wconf 89' lang='lat' dir='ltr'><strong>ejus</strong></span> <span class='ocrx_word' id='word_1_82' title='bbox 847 1835 1082 1931; x_wconf 87' lang='lat' dir='ltr'><strong>reciperemus</strong></span> <span class='ocrx_word' id='word_1_83' title='bbox 1101 1834 1263 1930; x_wconf 84' lang='lat' dir='ltr'><strong>exemplo</strong></span> <span class='ocrx_word' id='word_1_84' title='bbox 1276 1832 1420 1928; x_wconf 91' lang='lat' dir='ltr'><strong>quinon</strong></span> <span class='ocrx_word' id='word_1_85' title='bbox 1434 1831 1664 1905; x_wconf 89' lang='lat' dir='ltr'><strong>vultmortem</strong></span> 
     </span>
     <span class='ocr_line' id='line_1_11' title="bbox 249 1955 1665 2058; baseline -0.004 -24"><span class='ocrx_word' id='word_1_86' title='bbox 249 1960 456 2058; x_wconf 88' lang='lat' dir='ltr'><strong>peccatoris,</strong></span> <span class='ocrx_word' id='word_1_87' title='bbox 475 1959 538 2033; x_wconf 88' lang='lat' dir='ltr'><strong>sed</strong></span> <span class='ocrx_word' id='word_1_88' title='bbox 552 1969 592 2032; x_wconf 92' lang='lat' dir='ltr'><strong>nt</strong></span> <span class='ocrx_word' id='word_1_89' title='bbox 609 1959 722 2054; x_wconf 80' lang='lat' dir='ltr'><strong>magis</strong></span> <span class='ocrx_word' id='word_1_90' title='bbox 739 1969 959 2034; x_wconf 89' lang='lat' dir='ltr'><strong>eonvertatur</strong></span> <span class='ocrx_word' id='word_1_91' title='bbox 975 1968 1010 2033; x_wconf 90' lang='lat' dir='ltr'><strong>et</strong></span> <span class='ocrx_word' id='word_1_92' title='bbox 1026 1959 1141 2050; x_wconf 86' lang='lat' dir='ltr'><strong>vivat,</strong></span> <span class='ocrx_word' id='word_1_93' title='bbox 1163 1959 1225 2054; x_wconf 88' lang='lat' dir='ltr'><strong>qui</strong></span> <span class='ocrx_word' id='word_1_94' title='bbox 1248 1957 1466 2030; x_wconf 88' lang='lat' dir='ltr'><strong>Chananeam</strong></span> <span class='ocrx_word' id='word_1_95' title='bbox 1488 1963 1523 2029; x_wconf 91' lang='lat' dir='ltr'><strong>et</strong></span> <span class='ocrx_word' id='word_1_96' title='bbox 1544 1955 1665 2052; x_wconf 91' lang='lat' dir='ltr'><strong>puhli-</strong></span> 
     </span>
     <span class='ocr_line' id='line_1_12' title="bbox 250 2082 1663 2181; baseline -0.005 -21"><span class='ocrx_word' id='word_1_97' title='bbox 250 2107 376 2160; x_wconf 93' lang='lat' dir='ltr'><strong>canum</strong></span> <span class='ocrx_word' id='word_1_98' title='bbox 392 2107 463 2158; x_wconf 93' lang='lat' dir='ltr'><strong>non</strong></span> <span class='ocrx_word' id='word_1_99' title='bbox 483 2085 597 2158; x_wconf 87' lang='lat' dir='ltr'><strong>solum</strong></span> <span class='ocrx_word' id='word_1_100' title='bbox 619 2084 759 2158; x_wconf 84' lang='lat' dir='ltr'><strong>vocavit</strong></span> <span class='ocrx_word' id='word_1_101' title='bbox 774 2083 820 2158; x_wconf 88' lang='lat' dir='ltr'><strong>ad</strong></span> <span class='ocrx_word' id='word_1_102' title='bbox 840 2086 1082 2181; x_wconf 90' lang='lat' dir='ltr'><strong>penitentiam,</strong></span> <span class='ocrx_word' id='word_1_103' title='bbox 1099 2085 1162 2159; x_wconf 88' lang='lat' dir='ltr'><strong>sed</strong></span> <span class='ocrx_word' id='word_1_104' title='bbox 1176 2083 1340 2157; x_wconf 77' lang='lat' dir='ltr'><strong>attraxit.</strong></span> <span class='ocrx_word' id='word_1_105' title='bbox 1362 2082 1407 2154; x_wconf 89' lang='lat' dir='ltr'><strong>Ut</strong></span> <span class='ocrx_word' id='word_1_106' title='bbox 1425 2089 1541 2154; x_wconf 89' lang='lat' dir='ltr'><strong>autem</strong></span> <span class='ocrx_word' id='word_1_107' title='bbox 1557 2103 1663 2178; x_wconf 90' lang='lat' dir='ltr'><strong>super</strong></span> 
     </span>
     <span class='ocr_line' id='line_1_13' title="bbox 250 2207 1662 2306; baseline 0 -26"><span class='ocrx_word' id='word_1_108' title='bbox 250 2207 355 2282; x_wconf 93' lang='lat' dir='ltr'><strong>modo</strong></span> <span class='ocrx_word' id='word_1_109' title='bbox 365 2208 653 2282; x_wconf 88' lang='lat' dir='ltr'><strong>reconciliationis</strong></span> <span class='ocrx_word' id='word_1_110' title='bbox 669 2209 779 2305; x_wconf 90' lang='lat' dir='ltr'><strong>ipsius</strong></span> <span class='ocrx_word' id='word_1_111' title='bbox 791 2229 861 2282; x_wconf 92' lang='lat' dir='ltr'><strong>non</strong></span> <span class='ocrx_word' id='word_1_112' title='bbox 878 2209 986 2306; x_wconf 88' lang='lat' dir='ltr'><strong>possit</strong></span> <span class='ocrx_word' id='word_1_113' title='bbox 1001 2209 1047 2282; x_wconf 91' lang='lat' dir='ltr'><strong>ab</strong></span> <span class='ocrx_word' id='word_1_114' title='bbox 1059 2209 1176 2304; x_wconf 88' lang='lat' dir='ltr'><strong>aliquo</strong></span> <span class='ocrx_word' id='word_1_115' title='bbox 1189 2207 1356 2300; x_wconf 90' lang='lat' dir='ltr'><strong>dubitari,</strong></span> <span class='ocrx_word' id='word_1_116' title='bbox 1366 2209 1510 2281; x_wconf 81' lang='lat' dir='ltr'><strong>formam</strong></span> <span class='ocrx_word' id='word_1_117' title='bbox 1520 2227 1662 2280; x_wconf 87' lang='lat' dir='ltr'><strong>excom·</strong></span> 
     </span>
     <span class='ocr_line' id='line_1_14' title="bbox 249 2331 1602 2431; baseline -0.001 -25"><span class='ocrx_word' id='word_1_118' title='bbox 249 2333 494 2407; x_wconf 85' lang='lat' dir='ltr'><strong>manicationis</strong></span> <span class='ocrx_word' id='word_1_119' title='bbox 511 2341 546 2406; x_wconf 89' lang='lat' dir='ltr'><strong>et</strong></span> <span class='ocrx_word' id='word_1_120' title='bbox 563 2335 769 2430; x_wconf 89' lang='lat' dir='ltr'><strong>receptionis</strong></span> <span class='ocrx_word' id='word_1_121' title='bbox 787 2335 1006 2431; x_wconf 90' lang='lat' dir='ltr'><strong>presentibus</strong></span> <span class='ocrx_word' id='word_1_122' title='bbox 1020 2332 1189 2406; x_wconf 85' lang='lat' dir='ltr'><strong>duximus</strong></span> <span class='ocrx_word' id='word_1_123' title='bbox 1205 2333 1327 2406; x_wconf 89' lang='lat' dir='ltr'><strong>litteris</strong></span> <span class='ocrx_word' id='word_1_124' title='bbox 1344 2331 1602 2428; x_wconf 88' lang='lat' dir='ltr'><strong>explicandam.</strong></span> 
     </span>
    </p>

    <p class='ocr_par' dir='ltr' id='par_1_5' title="bbox 181 2455 1666 4548">
     <span class='ocr_line' id='line_1_15' title="bbox 298 2455 1663 2532; baseline -0.001 -2"><span class='ocrx_word' id='word_1_125' title='bbox 298 2459 421 2531; x_wconf 88' lang='lat' dir='ltr'><strong>Forma</strong></span> <span class='ocrx_word' id='word_1_126' title='bbox 441 2457 809 2532; x_wconf 83' lang='lat' dir='ltr'><strong>excommunicationis</strong></span> <span class='ocrx_word' id='word_1_127' title='bbox 834 2459 898 2532; x_wconf 88' lang='lat' dir='ltr'><strong>hec</strong></span> <span class='ocrx_word' id='word_1_128' title='bbox 922 2459 988 2530; x_wconf 83' lang='lat' dir='ltr'><strong>luit</strong></span> <span class='ocrx_word' id='word_1_129' title='bbox 1008 2483 1017 2529; x_wconf 74' lang='grc' dir='ltr'><strong>ε</strong></span> <span class='ocrx_word' id='word_1_130' title='bbox 1038 2457 1388 2530; x_wconf 86' lang='lat' dir='ltr'><strong>Exoommunicamus</strong></span> <span class='ocrx_word' id='word_1_131' title='bbox 1410 2467 1446 2530; x_wconf 89' lang='lat' dir='ltr'><strong>et</strong></span> <span class='ocrx_word' id='word_1_132' title='bbox 1464 2455 1663 2530; x_wconf 89' lang='lat' dir='ltr'><strong>anathema·</strong></span> 
     </span>
     <span class='ocr_line' id='line_1_16' title="bbox 249 2581 1662 2678; baseline -0.002 -23"><span class='ocrx_word' id='word_1_133' title='bbox 249 2583 397 2656; x_wconf 81' lang='lat' dir='ltr'><strong>timmus</strong></span> <span class='ocrx_word' id='word_1_134' title='bbox 413 2604 460 2654; x_wconf 85' lang='lat' dir='ltr'><strong>ex</strong></span> <span class='ocrx_word' id='word_1_135' title='bbox 477 2590 574 2678; x_wconf 88' lang='lat' dir='ltr'><strong>parte</strong></span> <span class='ocrx_word' id='word_1_136' title='bbox 586 2582 649 2656; x_wconf 88' lang='lat' dir='ltr'><strong>Dei</strong></span> <span class='ocrx_word' id='word_1_137' title='bbox 663 2582 908 2678; x_wconf 89' lang='lat' dir='ltr'><strong>omnipotentis</strong></span> <span class='ocrx_word' id='word_1_138' title='bbox 923 2592 958 2655; x_wconf 92' lang='lat' dir='ltr'><strong>et</strong></span> <span class='ocrx_word' id='word_1_139' title='bbox 973 2583 1151 2656; x_wconf 88' lang='lat' dir='ltr'><strong>beatomm</strong></span> <span class='ocrx_word' id='word_1_140' title='bbox 1165 2583 1255 2655; x_wconf 90' lang='lat' dir='ltr'><strong>Patri</strong></span> <span class='ocrx_word' id='word_1_141' title='bbox 1271 2591 1306 2654; x_wconf 85' lang='lat' dir='ltr'><strong>ct</strong></span> <span class='ocrx_word' id='word_1_142' title='bbox 1318 2582 1414 2655; x_wconf 92' lang='lat' dir='ltr'><strong>Pauli</strong></span> <span class='ocrx_word' id='word_1_143' title='bbox 1430 2581 1662 2676; x_wconf 86' lang='lat' dir='ltr'><strong>apostolorum</strong></span> 
     </span>
     <span class='ocr_line' id='line_1_17' title="bbox 181 2705 1660 2799; baseline -0.001 -19"><span class='ocrx_word' id='word_1_144' title='bbox 181 2719 184 2724; x_wconf 83' lang='lat'>&#39;</span> <span class='ocrx_word' id='word_1_145' title='bbox 248 2708 326 2799; x_wconf 88' lang='lat' dir='ltr'><strong>ejus</strong></span> <span class='ocrx_word' id='word_1_146' title='bbox 341 2705 545 2778; x_wconf 89' lang='lat' dir='ltr'><strong>auctoritate</strong></span> <span class='ocrx_word' id='word_1_147' title='bbox 560 2714 595 2779; x_wconf 90' lang='lat' dir='ltr'><strong>et</strong></span> <span class='ocrx_word' id='word_1_148' title='bbox 613 2713 729 2780; x_wconf 89' lang='lat' dir='ltr'><strong>nostra</strong></span> <span class='ocrx_word' id='word_1_149' title='bbox 749 2706 1011 2780; x_wconf 81' lang='lat' dir='ltr'><strong>Marcovaldum</strong></span> <span class='ocrx_word' id='word_1_150' title='bbox 1029 2716 1064 2780; x_wconf 91' lang='lat' dir='ltr'><strong>et</strong></span> <span class='ocrx_word' id='word_1_151' title='bbox 1079 2728 1200 2780; x_wconf 91' lang='lat' dir='ltr'><strong>omnes</strong></span> <span class='ocrx_word' id='word_1_152' title='bbox 1214 2708 1364 2779; x_wconf 88' lang='lat' dir='ltr'><strong>lautores</strong></span> <span class='ocrx_word' id='word_1_153' title='bbox 1379 2706 1468 2798; x_wconf 89' lang='lat' dir='ltr'><strong>ejus,</strong></span> <span class='ocrx_word' id='word_1_154' title='bbox 1486 2714 1556 2777; x_wconf 92' lang='lat' dir='ltr'><strong>tam</strong></span> <span class='ocrx_word' id='word_1_155' title='bbox 1570 2706 1660 2778; x_wconf 88' lang='lat' dir='ltr'><strong>Teu-</strong></span> 
     </span>
     <span class='ocr_line' id='line_1_18' title="bbox 250 2830 1664 2930; baseline -0.001 -24"><span class='ocrx_word' id='word_1_156' title='bbox 250 2833 382 2906; x_wconf 89' lang='lat' dir='ltr'><strong>tonioos</strong></span> <span class='ocrx_word' id='word_1_157' title='bbox 405 2853 512 2928; x_wconf 92' lang='lat' dir='ltr'><strong>quam</strong></span> <span class='ocrx_word' id='word_1_158' title='bbox 540 2831 700 2924; x_wconf 84' lang='lat' dir='ltr'><strong>Latinos,</strong></span> <span class='ocrx_word' id='word_1_159' title='bbox 723 2833 916 2930; x_wconf 87' lang='lat' dir='ltr'><strong>specialiter</strong></span> <span class='ocrx_word' id='word_1_160' title='bbox 939 2833 1173 2930; x_wconf 89' lang='lat' dir='ltr'><strong>Diopuldum,</strong></span> <span class='ocrx_word' id='word_1_161' title='bbox 1203 2831 1392 2924; x_wconf 88' lang='lat' dir='ltr'><strong>Othonem,</strong></span> <span class='ocrx_word' id='word_1_162' title='bbox 1423 2830 1601 2904; x_wconf 84' lang='lat' dir='ltr'><strong>Siffridum</strong></span> <span class='ocrx_word' id='word_1_163' title='bbox 1628 2839 1664 2906; x_wconf 90' lang='lat' dir='ltr'><strong>et</strong></span> 
     </span>
     <span class='ocr_line' id='line_1_19' title="bbox 250 2953 1660 3053; baseline -0.001 -23"><span class='ocrx_word' id='word_1_164' title='bbox 250 2956 417 3030; x_wconf 91' lang='lat' dir='ltr'><strong>Othonem</strong></span> <span class='ocrx_word' id='word_1_165' title='bbox 434 2957 657 3050; x_wconf 72' lang='lat' dir='ltr'><strong>delacione,</strong></span> <span class='ocrx_word' id='word_1_166' title='bbox 674 2959 910 3032; x_wconf 79' lang='lat' dir='ltr'><strong>hermannum</strong></span> <span class='ocrx_word' id='word_1_167' title='bbox 927 2967 962 3032; x_wconf 90' lang='lat' dir='ltr'><strong>et</strong></span> <span class='ocrx_word' id='word_1_168' title='bbox 983 2959 1206 3031; x_wconf 89' lang='lat' dir='ltr'><strong>castellanum</strong></span> <span class='ocrx_word' id='word_1_169' title='bbox 1220 2957 1348 3030; x_wconf 88' lang='lat' dir='ltr'><strong>Sorelle</strong></span> <span class='ocrx_word' id='word_1_170' title='bbox 1366 2953 1432 3053; x_wconf 91' lang='lat' dir='ltr'><strong>(l),</strong></span> <span class='ocrx_word' id='word_1_171' title='bbox 1454 2956 1515 3050; x_wconf 91' lang='lat' dir='ltr'><strong>qui</strong></span> <span class='ocrx_word' id='word_1_172' title='bbox 1531 2955 1660 3053; x_wconf 84' lang='lat' dir='ltr'><strong>princi·</strong></span> 
     </span>
     <span class='ocr_line' id='line_1_20' title="bbox 249 3078 1662 3177; baseline -0.001 -23"><span class='ocrx_word' id='word_1_173' title='bbox 249 3081 373 3176; x_wconf 91' lang='lat' dir='ltr'><strong>paliter</strong></span> <span class='ocrx_word' id='word_1_174' title='bbox 384 3079 553 3154; x_wconf 88' lang='lat' dir='ltr'><strong>adherent</strong></span> <span class='ocrx_word' id='word_1_175' title='bbox 567 3079 809 3175; x_wconf 85' lang='lat' dir='ltr'><strong>hlarcovaldo;</strong></span> <span class='ocrx_word' id='word_1_176' title='bbox 828 3081 912 3177; x_wconf 90' lang='lat' dir='ltr'><strong>qnia</strong></span> <span class='ocrx_word' id='word_1_177' title='bbox 929 3103 1010 3154; x_wconf 92' lang='lat' dir='ltr'><strong>cum</strong></span> <span class='ocrx_word' id='word_1_178' title='bbox 1028 3081 1122 3155; x_wconf 89' lang='lat' dir='ltr'><strong>idem</strong></span> <span class='ocrx_word' id='word_1_179' title='bbox 1135 3079 1376 3154; x_wconf 88' lang='lat' dir='ltr'><strong>blaroovaldus</strong></span> <span class='ocrx_word' id='word_1_180' title='bbox 1391 3101 1414 3153; x_wconf 94' lang='lat' dir='ltr'><strong>a</strong></span> <span class='ocrx_word' id='word_1_181' title='bbox 1430 3079 1564 3152; x_wconf 89' lang='lat' dir='ltr'><strong>dilectis</strong></span> <span class='ocrx_word' id='word_1_182' title='bbox 1582 3078 1662 3154; x_wconf 87' lang='lat' dir='ltr'><strong>liliis</strong></span> 
     </span>
     <span class='ocr_line' id='line_1_21' title="bbox 249 3201 1660 3301; baseline 0.003 -27"><span class='ocrx_word' id='word_1_183' title='bbox 249 3203 375 3276; x_wconf 85' lang='lat' dir='ltr'><strong>nostris</strong></span> <span class='ocrx_word' id='word_1_184' title='bbox 390 3202 428 3274; x_wconf 90' lang='lat' dir='ltr'><strong>C.</strong></span> <span class='ocrx_word' id='word_1_185' title='bbox 447 3201 538 3274; x_wconf 89' lang='lat' dir='ltr'><strong>tituli</strong></span> <span class='ocrx_word' id='word_1_186' title='bbox 556 3203 673 3276; x_wconf 85' lang='lat' dir='ltr'><strong>Sancti</strong></span> <span class='ocrx_word' id='word_1_187' title='bbox 689 3205 863 3278; x_wconf 87' lang='lat' dir='ltr'><strong>Laurentii</strong></span> <span class='ocrx_word' id='word_1_188' title='bbox 881 3205 918 3277; x_wconf 92' lang='lat' dir='ltr'><strong>in</strong></span> <span class='ocrx_word' id='word_1_189' title='bbox 933 3205 1063 3278; x_wconf 90' lang='lat' dir='ltr'><strong>Lucina</strong></span> <span class='ocrx_word' id='word_1_190' title='bbox 1079 3212 1113 3278; x_wconf 90' lang='lat' dir='ltr'><strong>et</strong></span> <span class='ocrx_word' id='word_1_191' title='bbox 1129 3205 1160 3278; x_wconf 82' lang='lat' dir='ltr'><strong>l.</strong></span> <span class='ocrx_word' id='word_1_192' title='bbox 1179 3204 1270 3276; x_wconf 91' lang='lat' dir='ltr'><strong>tituli</strong></span> <span class='ocrx_word' id='word_1_193' title='bbox 1287 3205 1410 3278; x_wconf 87' lang='lat' dir='ltr'><strong>Sancte</strong></span> <span class='ocrx_word' id='word_1_194' title='bbox 1425 3203 1540 3278; x_wconf 87' lang='lat' dir='ltr'><strong>Prisce</strong></span> <span class='ocrx_word' id='word_1_195' title='bbox 1560 3225 1660 3301; x_wconf 84' lang='lat' dir='ltr'><strong>pres·</strong></span> 
     </span>
     <span class='ocr_line' id='line_1_22' title="bbox 249 3326 1661 3426; baseline 0.001 -24"><span class='ocrx_word' id='word_1_196' title='bbox 249 3327 381 3425; x_wconf 80' lang='lat' dir='ltr'><strong>hyteris</strong></span> <span class='ocrx_word' id='word_1_197' title='bbox 407 3327 660 3420; x_wconf 87' lang='lat' dir='ltr'><strong>cardinalibus,</strong></span> <span class='ocrx_word' id='word_1_198' title='bbox 678 3326 874 3426; x_wconf 80' lang='lat' dir='ltr'><strong>Apostolioe</strong></span> <span class='ocrx_word' id='word_1_199' title='bbox 893 3331 993 3406; x_wconf 89' lang='lat' dir='ltr'><strong>Sedis</strong></span> <span class='ocrx_word' id='word_1_200' title='bbox 1014 3331 1158 3426; x_wconf 81' lang='lat' dir='ltr'><strong>legatia,</strong></span> <span class='ocrx_word' id='word_1_201' title='bbox 1179 3330 1408 3404; x_wconf 87' lang='lat' dir='ltr'><strong>commonitus</strong></span> <span class='ocrx_word' id='word_1_202' title='bbox 1420 3329 1523 3402; x_wconf 84' lang='lat' dir='ltr'><strong>luerit</strong></span> <span class='ocrx_word' id='word_1_203' title='bbox 1553 3337 1591 3402; x_wconf 90' lang='lat' dir='ltr'><strong>ut</strong></span> <span class='ocrx_word' id='word_1_204' title='bbox 1615 3329 1661 3404; x_wconf 90' lang='lat' dir='ltr'><strong>ab</strong></span> 
     </span>
     <span class='ocr_line' id='line_1_23' title="bbox 249 3449 1662 3548; baseline 0.001 -22"><span class='ocrx_word' id='word_1_205' title='bbox 249 3449 473 3526; x_wconf 87' lang='lat' dir='ltr'><strong>ecclesiarum</strong></span> <span class='ocrx_word' id='word_1_206' title='bbox 500 3460 536 3525; x_wconf 90' lang='lat' dir='ltr'><strong>et</strong></span> <span class='ocrx_word' id='word_1_207' title='bbox 563 3453 726 3526; x_wconf 85' lang='lat' dir='ltr'><strong>villamm</strong></span> <span class='ocrx_word' id='word_1_208' title='bbox 752 3453 916 3528; x_wconf 88' lang='lat' dir='ltr'><strong>incendio</strong></span> <span class='ocrx_word' id='word_1_209' title='bbox 940 3465 977 3528; x_wconf 92' lang='lat' dir='ltr'><strong>et</strong></span> <span class='ocrx_word' id='word_1_210' title='bbox 998 3455 1189 3529; x_wconf 86' lang='lat' dir='ltr'><strong>vastatione</strong></span> <span class='ocrx_word' id='word_1_211' title='bbox 1213 3461 1360 3528; x_wconf 87' lang='lat' dir='ltr'><strong>cessaret</strong></span> <span class='ocrx_word' id='word_1_212' title='bbox 1386 3475 1455 3548; x_wconf 90' lang='lat' dir='ltr'><strong>que</strong></span> <span class='ocrx_word' id='word_1_213' title='bbox 1478 3453 1515 3525; x_wconf 96' lang='lat' dir='ltr'><strong>in</strong></span> <span class='ocrx_word' id='word_1_214' title='bbox 1541 3473 1662 3528; x_wconf 89' lang='lat' dir='ltr'><strong>eornm</strong></span> 
     </span>
     <span class='ocr_line' id='line_1_24' title="bbox 248 3557 1664 3675; baseline 0.004 -26"><span class='ocrx_word' id='word_1_215' title='bbox 248 3575 361 3649; x_wconf 87' lang='lat' dir='ltr'><strong>oculis</strong></span> <span class='ocrx_word' id='word_1_216' title='bbox 388 3557 641 3672; x_wconf 87' lang='lat' dir='ltr'><strong>committebat,</strong></span> <span class='ocrx_word' id='word_1_217' title='bbox 664 3587 699 3653; x_wconf 90' lang='lat' dir='ltr'><strong>et</strong></span> <span class='ocrx_word' id='word_1_218' title='bbox 723 3579 914 3654; x_wconf 86' lang='lat' dir='ltr'><strong>exercitum</strong></span> <span class='ocrx_word' id='word_1_219' title='bbox 937 3579 1124 3654; x_wconf 88' lang='lat' dir='ltr'><strong>dimitteret</strong></span> <span class='ocrx_word' id='word_1_220' title='bbox 1149 3583 1250 3675; x_wconf 87' lang='lat' dir='ltr'><strong>cujus</strong></span> <span class='ocrx_word' id='word_1_221' title='bbox 1280 3579 1459 3654; x_wconf 87' lang='lat' dir='ltr'><strong>occasione</strong></span> <span class='ocrx_word' id='word_1_222' title='bbox 1494 3588 1565 3653; x_wconf 89' lang='lat' dir='ltr'><strong>tota</strong></span> <span class='ocrx_word' id='word_1_223' title='bbox 1593 3581 1664 3654; x_wconf 87' lang='lat' dir='ltr'><strong>fare</strong></span> 
     </span>
     <span class='ocr_line' id='line_1_25' title="bbox 249 3699 1665 3801; baseline 0.002 -28"><span class='ocrx_word' id='word_1_224' title='bbox 249 3699 402 3774; x_wconf 84' lang='lat' dir='ltr'><strong>biarchia</strong></span> <span class='ocrx_word' id='word_1_225' title='bbox 412 3701 626 3797; x_wconf 85' lang='lat' dir='ltr'><strong>vastabatur,</strong></span> <span class='ocrx_word' id='word_1_226' title='bbox 636 3723 757 3778; x_wconf 89' lang='lat' dir='ltr'><strong>eorum</strong></span> <span class='ocrx_word' id='word_1_227' title='bbox 773 3705 915 3778; x_wconf 91' lang='lat' dir='ltr'><strong>monitis</strong></span> <span class='ocrx_word' id='word_1_228' title='bbox 925 3725 995 3778; x_wconf 93' lang='lat' dir='ltr'><strong>non</strong></span> <span class='ocrx_word' id='word_1_229' title='bbox 1010 3705 1186 3798; x_wconf 79' lang='lat' dir='ltr'><strong>satisfecit,</strong></span> <span class='ocrx_word' id='word_1_230' title='bbox 1199 3713 1338 3801; x_wconf 87' lang='lat' dir='ltr'><strong>propter</strong></span> <span class='ocrx_word' id='word_1_231' title='bbox 1354 3703 1451 3799; x_wconf 91' lang='lat' dir='ltr'><strong>quod</strong></span> <span class='ocrx_word' id='word_1_232' title='bbox 1466 3703 1575 3778; x_wconf 91' lang='lat' dir='ltr'><strong>abeis</strong></span> <span class='ocrx_word' id='word_1_233' title='bbox 1592 3725 1665 3778; x_wconf 87' lang='lat' dir='ltr'><strong>ex-</strong></span> 
     </span>
     <span class='ocr_line' id='line_1_26' title="bbox 249 3825 1666 3925; baseline 0.004 -27"><span class='ocrx_word' id='word_1_234' title='bbox 249 3825 525 3900; x_wconf 87' lang='lat' dir='ltr'><strong>communicatus</strong></span> <span class='ocrx_word' id='word_1_235' title='bbox 541 3828 627 3920; x_wconf 88' lang='lat' dir='ltr'><strong>tuit;</strong></span> <span class='ocrx_word' id='word_1_236' title='bbox 643 3829 773 3924; x_wconf 90' lang='lat' dir='ltr'><strong>etquia</strong></span> <span class='ocrx_word' id='word_1_237' title='bbox 787 3831 1022 3923; x_wconf 86' lang='lat' dir='ltr'><strong>juramentum</strong></span> <span class='ocrx_word' id='word_1_238' title='bbox 1036 3829 1210 3902; x_wconf 89' lang='lat' dir='ltr'><strong>multoties</strong></span> <span class='ocrx_word' id='word_1_239' title='bbox 1223 3829 1324 3903; x_wconf 92' lang='lat' dir='ltr'><strong>nobis</strong></span> <span class='ocrx_word' id='word_1_240' title='bbox 1339 3828 1519 3925; x_wconf 89' lang='lat' dir='ltr'><strong>prestitum</strong></span> <span class='ocrx_word' id='word_1_241' title='bbox 1534 3828 1666 3903; x_wconf 85' lang='lat' dir='ltr'><strong>violare</strong></span> 
     </span>
     <span class='ocr_line' id='line_1_27' title="bbox 249 3949 1665 4050; baseline 0.002 -28"><span class='ocrx_word' id='word_1_242' title='bbox 249 3969 291 4022; x_wconf 91' lang='lat' dir='ltr'><strong>ac</strong></span> <span class='ocrx_word' id='word_1_243' title='bbox 303 3949 549 4044; x_wconf 88' lang='lat' dir='ltr'><strong>patrimonium</strong></span> <span class='ocrx_word' id='word_1_244' title='bbox 563 3953 718 4027; x_wconf 85' lang='lat' dir='ltr'><strong>Ecclesie</strong></span> <span class='ocrx_word' id='word_1_245' title='bbox 733 3953 901 4027; x_wconf 88' lang='lat' dir='ltr'><strong>invadere</strong></span> <span class='ocrx_word' id='word_1_246' title='bbox 915 3975 957 4028; x_wconf 90' lang='lat' dir='ltr'><strong>ac</strong></span> <span class='ocrx_word' id='word_1_247' title='bbox 969 3953 1124 4028; x_wconf 85' lang='lat' dir='ltr'><strong>detinere</strong></span> <span class='ocrx_word' id='word_1_248' title='bbox 1134 3953 1355 4050; x_wconf 83' lang='lat' dir='ltr'><strong>presumpsit,</strong></span> <span class='ocrx_word' id='word_1_249' title='bbox 1367 3962 1503 4027; x_wconf 88' lang='lat' dir='ltr'><strong>elnone</strong></span> <span class='ocrx_word' id='word_1_250' title='bbox 1518 3975 1665 4048; x_wconf 77' lang='lat' dir='ltr'><strong>regnum</strong></span> 
     </span>
     <span class='ocr_line' id='line_1_28' title="bbox 248 4071 1665 4173; baseline 0.003 -30"><span class='ocrx_word' id='word_1_251' title='bbox 248 4071 365 4146; x_wconf 92' lang='lat' dir='ltr'><strong>Sicilie</strong></span> <span class='ocrx_word' id='word_1_252' title='bbox 382 4073 480 4170; x_wconf 92' lang='lat' dir='ltr'><strong>qnod</strong></span> <span class='ocrx_word' id='word_1_253' title='bbox 493 4075 541 4149; x_wconf 90' lang='lat' dir='ltr'><strong>ad</strong></span> <span class='ocrx_word' id='word_1_254' title='bbox 552 4077 612 4170; x_wconf 88' lang='lat' dir='ltr'><strong>jus</strong></span> <span class='ocrx_word' id='word_1_255' title='bbox 625 4085 660 4152; x_wconf 90' lang='lat' dir='ltr'><strong>et</strong></span> <span class='ocrx_word' id='word_1_256' title='bbox 671 4077 913 4173; x_wconf 88' lang='lat' dir='ltr'><strong>proprietatem</strong></span> <span class='ocrx_word' id='word_1_257' title='bbox 926 4077 1019 4152; x_wconf 89' lang='lat' dir='ltr'><strong>beati</strong></span> <span class='ocrx_word' id='word_1_258' title='bbox 1035 4078 1126 4152; x_wconf 86' lang='lat' dir='ltr'><strong>Petri</strong></span> <span class='ocrx_word' id='word_1_259' title='bbox 1143 4077 1312 4173; x_wconf 92' lang='lat' dir='ltr'><strong>pertinere</strong></span> <span class='ocrx_word' id='word_1_260' title='bbox 1329 4075 1556 4172; x_wconf 79' lang='lat' dir='ltr'><strong>dignoscitur,</strong></span> <span class='ocrx_word' id='word_1_261' title='bbox 1566 4076 1665 4167; x_wconf 89' lang='lat' dir='ltr'><strong>cujus</strong></span> 
     </span>
     <span class='ocr_line' id='line_1_29' title="bbox 248 4194 1663 4297; baseline -0.001 -27"><span class='ocrx_word' id='word_1_262' title='bbox 248 4194 381 4270; x_wconf 83' lang='lat' dir='ltr'><strong>balium</strong></span> <span class='ocrx_word' id='word_1_263' title='bbox 412 4219 492 4270; x_wconf 93' lang='lat' dir='ltr'><strong>cnm</strong></span> <span class='ocrx_word' id='word_1_264' title='bbox 521 4201 615 4295; x_wconf 76' lang='lat' dir='ltr'><strong>regis</strong></span> <span class='ocrx_word' id='word_1_265' title='bbox 644 4202 752 4274; x_wconf 88' lang='lat' dir='ltr'><strong>tutela</strong></span> <span class='ocrx_word' id='word_1_266' title='bbox 779 4201 921 4274; x_wconf 88' lang='lat' dir='ltr'><strong>illustris</strong></span> <span class='ocrx_word' id='word_1_267' title='bbox 951 4202 1115 4276; x_wconf 88' lang='lat' dir='ltr'><strong>memorie</strong></span> <span class='ocrx_word' id='word_1_268' title='bbox 1140 4201 1177 4274; x_wconf 90' lang='lat' dir='ltr'><strong>C.</strong></span> <span class='ocrx_word' id='word_1_269' title='bbox 1207 4201 1406 4297; x_wconf 86' lang='lat' dir='ltr'><strong>imperatrix</strong></span> <span class='ocrx_word' id='word_1_270' title='bbox 1432 4199 1533 4272; x_wconf 90' lang='lat' dir='ltr'><strong>nobis</strong></span> <span class='ocrx_word' id='word_1_271' title='bbox 1560 4205 1663 4269; x_wconf 88' lang='lat' dir='ltr'><strong>testa·</strong></span> 
     </span>
     <span class='ocr_line' id='line_1_30' title="bbox 250 4319 1663 4423; baseline 0.002 -32"><span class='ocrx_word' id='word_1_272' title='bbox 250 4329 367 4394; x_wconf 91' lang='lat' dir='ltr'><strong>mento</strong></span> <span class='ocrx_word' id='word_1_273' title='bbox 384 4322 536 4418; x_wconf 90' lang='lat' dir='ltr'><strong>reliquit,</strong></span> <span class='ocrx_word' id='word_1_274' title='bbox 552 4323 691 4398; x_wconf 79' lang='lat' dir='ltr'><strong>infestat</strong></span> <span class='ocrx_word' id='word_1_275' title='bbox 703 4333 739 4398; x_wconf 91' lang='lat' dir='ltr'><strong>et</strong></span> <span class='ocrx_word' id='word_1_276' title='bbox 754 4325 914 4398; x_wconf 92' lang='lat' dir='ltr'><strong>innititur</strong></span> <span class='ocrx_word' id='word_1_277' title='bbox 931 4347 1115 4423; x_wconf 87' lang='lat' dir='ltr'><strong>occupare.</strong></span> <span class='ocrx_word' id='word_1_278' title='bbox 1135 4326 1262 4399; x_wconf 89' lang='lat' dir='ltr'><strong>Omnes</strong></span> <span class='ocrx_word' id='word_1_279' title='bbox 1277 4333 1393 4399; x_wconf 92' lang='lat' dir='ltr'><strong>autem</strong></span> <span class='ocrx_word' id='word_1_280' title='bbox 1413 4324 1475 4418; x_wconf 92' lang='lat' dir='ltr'><strong>qui</strong></span> <span class='ocrx_word' id='word_1_281' title='bbox 1495 4322 1528 4395; x_wconf 88' lang='lat' dir='ltr'><strong>ei</strong></span> <span class='ocrx_word' id='word_1_282' title='bbox 1546 4319 1663 4394; x_wconf 88' lang='lat' dir='ltr'><strong>fideli-</strong></span> 
     </span>
     <span class='ocr_line' id='line_1_31' title="bbox 251 4445 1663 4548; baseline 0.001 -30"><span class='ocrx_word' id='word_1_283' title='bbox 251 4445 332 4519; x_wconf 87' lang='lat' dir='ltr'><strong>tatis</strong></span> <span class='ocrx_word' id='word_1_284' title='bbox 346 4447 403 4520; x_wconf 84' lang='lat' dir='ltr'><strong>vel</strong></span> <span class='ocrx_word' id='word_1_285' title='bbox 420 4449 595 4523; x_wconf 88' lang='lat' dir='ltr'><strong>societatis</strong></span> <span class='ocrx_word' id='word_1_286' title='bbox 609 4449 807 4542; x_wconf 86' lang='lat' dir='ltr'><strong>juramento</strong></span> <span class='ocrx_word' id='word_1_287' title='bbox 824 4461 984 4527; x_wconf 85' lang='lat' dir='ltr'><strong>tenantur</strong></span> <span class='ocrx_word' id='word_1_288' title='bbox 1002 4451 1247 4526; x_wconf 88' lang='lat' dir='ltr'><strong>denuntiamus</strong></span> <span class='ocrx_word' id='word_1_289' title='bbox 1262 4450 1399 4548; x_wconf 88' lang='lat' dir='ltr'><strong>penitus</strong></span> <span class='ocrx_word' id='word_1_290' title='bbox 1419 4448 1606 4522; x_wconf 83' lang='lat' dir='ltr'><strong>absolutos.</strong></span> <span class='ocrx_word' id='word_1_291' title='bbox 1626 4447 1663 4520; x_wconf 93' lang='lat' dir='ltr'><strong>Si</strong></span> 
     </span>
    </p>
   </div>
   <div class='ocr_carea' id='block_1_5' title="bbox 285 4703 770 4785">
    <p class='ocr_par' dir='ltr' id='par_1_6' title="bbox 285 4703 770 4785">
     <span class='ocr_line' id='line_1_32' title="bbox 285 4703 770 4785; baseline 0.012 -25"><span class='ocrx_word' id='word_1_292' title='bbox 285 4703 324 4779; x_wconf 70' lang='lat' dir='ltr'><strong>a)</strong></span> <span class='ocrx_word' id='word_1_293' title='bbox 343 4703 600 4768; x_wconf 67' lang='lat' dir='ltr'><strong>suetonum</strong></span> <span class='ocrx_word' id='word_1_294' title='bbox 613 4709 647 4769; x_wconf 69' lang='lat' dir='ltr'><strong>aa</strong></span> <span class='ocrx_word' id='word_1_295' title='bbox 659 4709 770 4785; x_wconf 60' lang='lat' dir='ltr'><strong>nanu.</strong></span> 
     </span>
    </p>
   </div>
   <div class='ocr_carea' id='block_1_6' title="bbox 0 0 2222 5940">
    <p class='ocr_par' dir='ltr' id='par_1_7' title="bbox 0 0 2222 5940">
     <span class='ocr_line' id='line_1_33' title="bbox 0 0 2222 5940; baseline 0 0"><span class='ocrx_word' id='word_1_296' title='bbox 0 0 2222 5940; x_wconf 95' lang='lat' dir='ltr'><strong> </strong></span> 
     </span>
    </p>
   </div>
  </div>
 </body>
</html>
