4382 5946
547 537 608 602 296
1050 534 1267 598 ruthenici
1291 536 1465 599 suebum
1770 539 1850 625 [Asu.
1868 542 1953 606 1214

632 701 763 776 (Editum
775 701 839 762 sire
851 699 951 778 potius
963 703 1129 760 cubadum
1142 705 1172 760 at
1184 699 1369 762 decurtatum
1381 703 1415 762 tu
1426 702 1568 776 domans,
1581 701 1690 762 ilerum
1701 704 1832 784 liopust.
1843 704 1958 783 script..

670 815 744 870 tom.
760 809 804 880 11,
820 823 852 884 p.
864 805 1200 869 stesso-Correus
1211 823 1280 868 vero
1292 823 1341 885 ap.
1356 809 1487 869 Meam.
1502 809 1685 886 Reice,tom.
1701 811 1799 889 XXX,
1813 827 1841 888 p
1857 819 1956 886 ists,

671 924 705 976 n⁰
717 913 835 988 DCVII,
851 931 890 976 ex
903 915 1010 992 origin.
1025 915 1058 974 in
1070 911 1191 974 archivo
1203 913 1348 990 Spirensi3
1363 915 1493 994 sigillum
1511 915 1592 994 quod
1608 915 1793 992 appendebat
1809 919 1905 994 periit.
1918 947 1957 963 -

670 1021 763 1082 Adest
776 1023 866 1082 etiam
878 993 1096 1098 apsunrnmo,
1111 1016 1209 1081 dasch.
1224 1016 1276 1080 der
1287 1018 1401 1082 obtuitu
1413 1021 1447 1080 ia
1461 1018 1664 1094 mmmm,
1676 1028 1700 1081 t.
1717 1021 1759 1094 ll,
1773 1039 1804 1100 p.
1817 1023 1959 1086 tridino

671 1133 769 1188 umen
781 1129 812 1187 in
826 1127 975 1205 impressis
986 1127 1123 1187 videntur
1135 1125 1264 1187 adfuisse
1277 1127 1474 1204 exemplaria,
1489 1143 1583 1188 unum
1596 1127 1687 1190 altero
1699 1127 1842 1208 breuius.)

600 1315 639 1387 ln
655 1313 794 1388 nomine
810 1323 927 1388 sancte
944 1323 978 1388 et
996 1313 1179 1389 individue
1199 1313 1384 1388 Trinitatis.
1402 1313 1596 1388 Friderions
1618 1315 1681 1390 llei
1702 1316 1820 1410 gracia
1835 1317 1959 1391 Roma·

552 1461 675 1513 norum
699 1461 762 1512 rex
781 1447 817 1512 et
840 1459 977 1536 semper
996 1449 1178 1534 augustus.
1200 1437 1286 1512 Cum
1310 1460 1358 1512 ex
1379 1439 1473 1534 regio
1494 1439 1706 1514 liberalitatis
1727 1437 1960 1516 munificentia

551 1563 773 1637 ecclesiarum
791 1564 926 1636 utilitati
946 1563 1188 1660 providemus,
1208 1563 1445 1638 indubitanter
1461 1585 1640 1660 speramns
1658 1564 1704 1638 ad
1725 1565 1860 1639 felicem
1878 1589 1961 1662 pre-

551 1690 657 1762 sentis
674 1689 746 1762 vite
760 1709 899 1761 cursum
917 1697 952 1760 at
964 1688 1010 1762 ad
1024 1697 1141 1761 eterne
1162 1687 1398 1761 retributionis
1414 1687 1572 1762 meritum
1587 1687 1623 1761 id
1640 1688 1741 1762 nohis
1756 1689 1961 1763 omnimodis

551 1814 782 1909 prolaturum.
805 1810 905 1884 Unde
922 1819 1040 1884 notum
1061 1810 1136 1884 fieri
1161 1812 1323 1884 volumus
1344 1811 1518 1885 universis
1543 1811 1679 1908 imperii
1703 1810 1866 1886 fidelibus
1892 1823 1960 1887 tam

553 1939 679 2010 sutoris
696 1959 802 2032 quam
819 1937 1034 2034 presentibus
1051 1933 1148 2030 quod
1166 1957 1230 2010 nos
1248 1959 1311 2034 pro
1327 1936 1483 2010 remedio
1500 1936 1615 2010 animo
1630 1943 1746 2010 nostre
1763 1945 1961 2032 parentum-

555 2085 625 2158 que
648 2072 861 2154 nostrorum,
881 2060 1024 2136 domum
1047 2061 1225 2156 religionis
1249 2083 1320 2157 qne
1346 2061 1586 2135 llodenlrircha
1604 2060 1656 2158 (l)
1674 2059 1814 2154 dicitnr,
1834 2064 1961 2155 atejus

555 2187 661 2260 liliam
683 2207 753 2282 que
776 2189 916 2282 liugane
936 2185 988 2284 (2)
1011 2195 1232 2282 nuncupatur
1249 2207 1330 2258 oum
1351 2185 1515 2260 omnibns
1534 2186 1691 2282 personis
1715 2196 1750 2260 et
1770 2185 1873 2261 bonis
1890 2187 1961 2260 suis

552 2310 620 2384 soh
635 2311 818 2406 specialem
835 2319 950 2383 nostra
971 2309 1180 2384 defensionis
1201 2309 1389 2384 tuicionem
1411 2309 1623 2407 recepimus,
1648 2320 1683 2384 et
1704 2310 1822 2384 omnia
1844 2310 1961 2406 predia

554 2443 589 2507 et
612 2433 820 2508 hereditates
840 2455 928 2528 quas
955 2455 1050 2506 nnnc
1072 2432 1267 2529 possident,
1286 2435 1417 2530 prelata
1432 2434 1575 2507 ecclesie
1597 2455 1620 2507 u
1645 2454 1867 2530 quocumque
1895 2435 1962 2508 ho·
2001 2513 2003 2516 ,

554 2558 686 2630 minum
700 2557 751 2631 eis
765 2559 886 2632 collate
903 2557 983 2650 sint,
999 2558 1074 2632 sive
1092 2559 1128 2630 in
1142 2559 1371 2654 oppenheim,
1390 2559 1521 2632 curiam
1537 2558 1751 2633 Embrieonis
1772 2581 1852 2632 cum
1870 2561 1960 2653 agris

554 2692 588 2756 et
615 2683 726 2756 vineis
752 2682 901 2780 pmpriis
928 2683 1005 2756 siva
1033 2681 1269 2776 hereditariis,
1296 2684 1387 2756 hona
1415 2683 1628 2782 walburgis,
1655 2684 1749 2758 bona
1771 2685 1809 2756 in
1834 2684 1961 2758 Dachi-

555 2807 733 2900 desheim,
759 2809 890 2880 curiam
914 2807 951 2880 in
974 2807 1158 2881 liorsheim
1180 2829 1260 2881 cum
1277 2805 1493 2904 appendiciis
1514 2808 1607 2900 suls,
1631 2809 1763 2882 curiam
1782 2809 1820 2882 in
1843 2809 1961 2882 Snihi-

552 2931 746 3024 ebembere,
764 2931 896 3004 curiam
913 2931 949 3002 in
966 2929 1201 3024 Becherheim,
1220 2931 1351 3004 curiam
1365 2931 1402 3004 in
1419 2931 1540 3026 lliede,
1561 2932 1693 3006 onnam
1710 2934 1745 3006 in
1765 2929 1959 3007 Albesheim

553 3079 632 3129 cum
658 3055 873 3152 appendiciis
894 3055 984 3148 suis,
1010 3057 1142 3130 curiam
1161 3057 1283 3150 Honge
1305 3077 1439 3130 necnon
1457 3057 1548 3130 bona
1570 3057 1783 3150 Hagenensis
1803 3055 1957 3146 eeclesia,

552 3181 683 3254 curiam
700 3180 737 3252 in
754 3178 1009 3272 ldenaburnen,
1028 3181 1160 3254 curiam
1175 3181 1211 3253 in
1227 3181 1348 3274 Wilre,
1365 3181 1497 3255 curiam
1518 3181 1555 3254 in
1572 3181 1810 3274 Ebemsheim,
1831 3181 1960 3254 curiam

553 3307 589 3378 in
607 3306 807 3398 Zarnheim,
831 3305 963 3378 coriam
983 3305 1020 3377 in
1042 3305 1203 3398 Olmene,
1223 3305 1354 3378 curiam
1372 3305 1409 3378 in
1427 3303 1669 3396 Ulvenshoim,
1698 3305 1829 3380 curiam
1850 3305 1962 3400 Cigal-

553 3429 811 3520 mundesheim,
831 3437 1012 3525 ceteraque
1029 3429 1122 3502 bona
1136 3429 1297 3522 inagris,
1319 3429 1433 3523 silvis,
1461 3433 1568 3526 pratis
1591 3439 1627 3504 et
1644 3430 1800 3526 pascuis,
1826 3429 1961 3524 utrique

553 3554 696 3626 ecclesie
720 3555 852 3627 collatis
873 3553 948 3628 sive
975 3553 1068 3628 bona
1095 3575 1165 3647 que
1186 3555 1222 3626 in
1244 3563 1418 3650 posterum
1446 3555 1682 3650 prenominata
1703 3553 1848 3628 ecclesie
1869 3554 1962 3646 justo

554 3677 787 3772 acquisitionis
805 3679 904 3751 titulo
921 3679 1070 3774 poterint
1088 3677 1247 3775 adipisci,
1268 3679 1470 3754 anctoritate
1491 3680 1587 3772 regia
1611 3700 1682 3774 qna
1702 3677 1878 3772 fungimur
1890 3677 1961 3770 jam

541 3801 657 3876 'dietis
672 3801 823 3874 ecelesiis
837 3812 1005 3898 perpetuo
1028 3801 1284 3878 confirmamus.
1301 3802 1359 3877 Ad
1374 3803 1439 3878 hec
1456 3825 1596 3900 qnoque
1612 3803 1659 3878 de
1682 3804 1779 3898 regie
1799 3801 1963 3898 largitatis

554 3946 698 3998 munere
724 3925 809 4022 ipsis
837 3925 1059 4000 concedimus
1085 3935 1121 3999 et
1147 3925 1371 4022 indulgemus
1397 3929 1562 4023 quatinus
1590 3927 1635 4002 de
1664 3927 1834 4002 universis
1863 3925 1963 4000 bonis

554 4051 727 4146 ipsarum,
748 4047 909 4123 deductis
923 4049 1069 4142 justiciis
1089 4050 1157 4145 [et]
1176 4051 1373 4126 racionihus
1393 4073 1463 4147 qne
1484 4051 1531 4125 ab
1551 4051 1696 4146 antiquo
1721 4051 1877 4126 solebant
1897 4049 1963 4123 de-

556 4174 655 4264 duci,
679 4175 728 4247 nil
753 4175 841 4248 ultra
862 4185 976 4272 preter
997 4175 1172 4269 justiciam
1196 4173 1241 4250 de
1266 4175 1428 4250 omnibus
1453 4175 1554 4250 bonis
1578 4176 1730 4274 ipsorum
1753 4174 1960 4271 requiratur,

591 4481 627 4557 (t)
647 4481 844 4556 tabutata,
857 4483 1118 4542 Praanonstratanse
1129 4483 1193 4541 olim
1204 4483 1412 4554 monasterium,
1426 4482 1586 4542 discribitur
1599 4483 1627 4542 in
1640 4485 1700 4542 Act.
1716 4483 1821 4553 Patet,
1834 4482 1857 4554 l,
1869 4482 1961 4540 ibib.

588 4578 624 4652 (t)
643 4582 751 4653 Hupsm
769 4598 818 4642 sen
836 4582 957 4657 Hamas,
973 4597 1024 4642 seu
1042 4583 1152 4657 llapac,
1167 4597 1216 4642 seu
1235 4582 1330 4653 Hune,
1348 4583 1539 4642 monasterium
1554 4581 1723 4642 dannuun
1742 4595 1829 4658 propa
1844 4587 1964 4640 enarum

553 4675 708 4752 heiningen.
