4378 5954
516 451 574 514 166
619 525 622 530 ¹
1018 453 1233 516 FlllllllRlGl
1257 455 1432 518 secubet
1743 450 1821 534 [Arm
1839 453 1927 518 1210.

514 597 650 658 sanctas
668 587 832 661 ecclesias
848 588 883 660 in
901 590 1031 684 quibus
1048 591 1213 666 sedulitas
1229 591 1408 688 ohsequiis
1424 591 1532 664 servit
1548 589 1598 688 (a)
1611 589 1764 664 officiosa
1781 590 1924 686 divinis,

514 713 681 784 condecet
698 713 882 806 specialius
908 716 1129 811 protectionis
1155 727 1270 790 nostre
1294 718 1414 790 lavore
1430 716 1584 807 munire,
1603 736 1674 812 quo
1693 714 1855 791 videmus
1880 737 1928 790 ex

516 833 582 910 hoc
610 838 706 908 illum
730 839 934 933 propensius
952 841 1079 914 babere
1096 841 1144 936 (l)
1170 863 1232 938 pre
1258 841 1368 914 oeulis
1393 841 1454 935 qui
1480 840 1541 914 dat
1557 841 1703 914 salutem
1728 841 1869 933 regibus
1892 851 1928 914 et

515 961 725 1032 felicioribus
750 964 914 1059 auspiciis
942 965 999 1060 pie
1022 967 1115 1038 fovet
1137 975 1333 1060 regnantes.
1356 965 1443 1038 Cum
1462 965 1568 1063 igitur
1584 963 1726 1036 humilis
1743 964 1927 1074 postulatio

516 1080 622 1181 [tua],
642 1085 814 1158 Bernarde
832 1089 1039 1160 venerabilis
1061 1089 1318 1186 archiepiscope
1340 1089 1539 1178 Tarentina,
1561 1087 1674 1162 fidelis
1697 1098 1824 1178 noster,
1845 1108 1926 1172 nos·

512 1215 604 1278 trum
624 1231 735 1304 nuper
752 1209 896 1285 adiisset
909 1213 1035 1286 solium
1050 1213 1251 1306 majestatis,
1268 1225 1328 1288 tue
1346 1213 1529 1287 Tarentina
1546 1211 1593 1309 (c)
1609 1212 1754 1286 ecclesie
1771 1212 1927 1284 tuitionis

513 1342 628 1405 nostre
652 1333 874 1430 [subsidium]
895 1337 1085 1432 deposcens
1103 1336 1174 1433 (ὡς
1194 1360 1258 1411 nos
1278 1339 1326 1412 ob
1351 1339 1578 1412 reverentiam
1603 1337 1666 1410 Dei
1693 1337 1819 1418 summi
1839 1337 1926 1410 tueri

514 1511 730 1533 .......
760 1460 832 1555 [de]
855 1461 974 1534 innata
996 1463 1042 1557 (c)
1065 1463 1165 1536 nobis
1193 1463 1373 1536 clementia
1399 1483 1471 1558 qua
1490 1462 1592 1554 justis
1613 1461 1705 1536 votis
1726 1461 1926 1556 supplican-

511 1581 599 1653 tium
617 1583 806 1676 benignum
824 1583 881 1680 (s)
899 1607 1034 1680 semper
1051 1586 1275 1681 indulgemus
1292 1607 1491 1679 assensum,
1512 1586 1730 1667 Tarentinam
1746 1585 1926 1668 ecelesiam

510 1726 594 1776 cum
612 1705 861 1800 omnibusque
880 1728 973 1780 nune
992 1729 1104 1802 usque
1122 1709 1343 1783 concessione
1360 1729 1480 1802 regum
1502 1718 1563 1781 aut
1580 1707 1795 1803 principum,
1817 1707 1926 1782 dona-

514 1828 609 1900 tione
635 1829 799 1902 comitum
826 1841 861 1902 et
885 1833 1319 1925 quorumlibetoblatione
1349 1833 1504 1907 fidelium
1535 1831 1928 1906 rationabiliterhabuit

515 1972 558 2022 ac
580 1952 615 2022 in
639 1955 889 2046 presentiarum
911 1956 1065 2050 possidet
1082 1967 1118 2030 et
1135 1957 1239 2050 iustis
1263 1957 1299 2030 in
1322 1967 1424 2030 antea
1443 1957 1551 2030 titulis
1570 1957 1674 2030 dante
1695 1957 1842 2028 Domino
1866 1977 1927 2050 po·

514 2076 595 2148 tcrit
613 2076 777 2172 adipisci,
798 2079 864 2150 sub
882 2081 1091 2174 protectione
1109 2081 1216 2154 nostri
1233 2081 1396 2154 culminis
1413 2103 1455 2154 ac
1473 2080 1673 2162 defensione
1689 2079 1876 2174 recipimus
1893 2089 1929 2152 et

515 2201 681 2296 presentis
699 2203 816 2298 scripti
836 2204 956 2278 robore
974 2207 1242 2297 communimus,
1264 2207 1419 2280 volentes
1437 2215 1476 2288 ut
1489 2225 1727 2300 quascumque
1742 2204 1928 2294 dignitates

514 2339 551 2398 et
569 2325 759 2416 libertates,
779 2349 999 2422 quecumque
1012 2329 1091 2421 jura
1109 2339 1169 2402 aut
1186 2331 1253 2404 alia
1269 2331 1362 2403 bona
1382 2330 1418 2402 in
1435 2329 1575 2402 civitate
1592 2328 1726 2401 Tarenti
1748 2330 1803 2401 vel
1823 2329 1928 2400 etiam

517 2451 630 2546 [alias]
649 2473 671 2524 a
689 2451 968 2546 predecessorum
987 2475 1108 2547 regum
1133 2455 1345 2552 temporibus
1367 2454 1443 2549 ipsa
1464 2452 1609 2526 ecclesia
1628 2451 1841 2546 dignoscitur
1858 2451 1928 2524 ha-

515 2576 645 2668 buisse,
667 2576 747 2665 tibi,
767 2577 1004 2672 prenominate
1018 2578 1290 2674 archiepiscope,
1312 2578 1451 2673 tuisque
1468 2576 1726 2650 successoribus
1746 2575 1842 2646 firma
1860 2575 1929 2646 sint

515 2713 549 2772 ot
572 2712 797 2796 permaneant
819 2703 960 2775 illibata.
982 2703 1024 2774 Et
1041 2703 1205 2798 quoniam
1224 2712 1357 2796 ergata
1380 2701 1575 2796 benigniori
1592 2721 1773 2774 movemur
1788 2699 1924 2790 allecto,

514 2837 554 2896 ut
575 2827 664 2898 sicut
681 2824 942 2920 predecessores
960 2849 1059 2922 reges
1077 2827 1191 2900 Sicilie
1209 2835 1244 2898 et
1262 2835 1340 2921 post
1360 2847 1421 2899 eos
1436 2825 1569 2900 diutins
1584 2823 1632 2920 (p)
1650 2830 1876 2920 paternoster
1893 2832 1929 2894 et

514 2950 656 3021 illustris
670 2959 778 3022 mater
790 2961 906 3024 nostra
921 2951 1028 3045 digne
1043 2950 1291 3028 recordationis
1303 2937 1444 3045 angusti
1456 2959 1645 3042 augmento
1661 2937 1929 3043 ipsius'ccctasie

515 3073 797 3170 predecessorum
815 3085 953 3147 tuorum
974 3075 1184 3170 temporibus
1198 3073 1435 3147 exhibuerunt
1452 3095 1490 3146 se
1506 3069 1677 3165 liberales,
1698 3071 1824 3146 nostris
1841 3078 1929 3170 tem

516 3199 658 3294 poribus
683 3199 717 3270 in
744 3209 803 3271 tuo
827 3221 891 3273 nos
912 3199 1040 3272 sentias
1057 3197 1108 3296 (lu)
1129 3201 1247 3274 lavore
1271 3198 1462 3292 benignos,
1489 3208 1603 3271 nostre
1625 3197 1786 3292 specialis
1809 3194 1930 3290 salutis

514 3323 657 3394 obtentu
695 3331 729 3395 et
761 3344 822 3418 pro
854 3331 968 3396 nostra
998 3323 1224 3418 omniumque
1251 3323 1404 3419 preclare
1438 3323 1602 3395 memorie
1631 3328 1813 3416 pareutum
1845 3339 1930 3392 nos-

517 3456 663 3537 trorum,
691 3455 777 3537 etc.;
809 3447 1031 3520 concedimus
1058 3456 1093 3520 et
1114 3455 1280 3543 perpetuo
1304 3445 1550 3520 confirmamus
1574 3444 1729 3542 predicte
1748 3445 1930 3517 Tarentina

515 3566 658 3642 ecclesie
670 3569 835 3642 universa
851 3578 887 3641 et
902 3570 1040 3664 singula
1056 3591 1127 3666 que
1141 3593 1202 3666 per
1215 3570 1410 3666 privilegia,
1427 3579 1511 3661 etc,
1530 3569 1621 3665 regie
1635 3569 1773 3664 Rogerii
1791 3578 1825 3640 et
1838 3568 1931 3662 regis

560 3850 600 3931 (a)
624 3851 682 3928 Ap.
697 3849 815 3930 Ughelll
827 3851 896 3926 cuir,
911 3853 991 3930 quod
1005 3855 1126 3916 omnino
1139 3871 1227 3917 sensu
1240 3863 1328 3916 caret.

560 3957 598 4038 (b)
623 3958 737 4020 lbldem
749 3954 858 4036 littera,
874 3961 1010 4035 pessime.

559 4067 595 4146 (c)
623 4065 736 4126 lbldem
755 4064 939 4140 Terentiam,
952 4067 1041 4128 mele.

560 4171 601 4254 (d)
623 4175 737 4236 lbldem
751 4171 907 4254 coponem
921 4175 1007 4237 male.
1059 4167 1063 4172 ’

560 4282 596 4362 (a)
625 4282 740 4342 Ibidem
754 4282 846 4354 tutta,
862 4282 949 4342 male.

558 4387 605 4470 (s)
625 4390 738 4450 lbldem
752 4385 988 4466 supplicationem
1000 4387 1209 4468 maenarum,
1222 4390 1331 4466 inepte.

561 4495 598 4576 (p)
626 4497 692 4567 Sto,
708 4495 906 4554 verlstmlllter
920 4501 1019 4556 autem
1034 4492 1123 4554 diuae

552 4599 597 4680 (t)
624 4603 683 4678 Ap.
697 4600 815 4680 Ugbelll
828 4600 861 4660 ln
873 4617 925 4662 roo
938 4619 989 4662 cor
1002 4602 1145 4676 sentiant,
1161 4603 1260 4664 mlnus
1273 4605 1365 4662 recte.
