4378 5954
229 572 389 650 inumb]
681 569 878 632 HISTORIA
905 569 1197 634 utPtottttttcs.
1584 575 1642 636 103

230 711 309 784 tella
337 707 535 782 tenentibus
555 715 590 778 et
613 706 841 800 complicibus
868 729 1000 779 eorum.
1029 705 1128 805 [Sine
1151 705 1384 806 salutatione]
1410 707 1511 794 Quod
1540 711 1642 783 vobis

228 833 417 928 apostolioe
440 829 654 904 salutationis
681 830 870 926 alloquium
896 853 965 904 non
990 832 1243 928 impendimus,
1268 855 1315 906 ex
1340 843 1456 905 vestra
1478 835 1642 908 noveritis

230 956 387 1052 nequitia
417 954 615 1050 provenire.
656 953 900 1028 Gravissimum
932 956 1058 1028 etenim
1091 979 1137 1028 ex
1168 966 1263 1051 parta
1293 957 1499 1030 venerabilis
1529 959 1642 1030 fratris

230 1081 336 1154 nostri
354 1077 603 1173 archiepiscopi
621 1079 724 1148 vestri
745 1078 911 1151 noveritis
929 1101 993 1152 nos
1013 1081 1188 1176 accepisse
1202 1082 1396 1174 querelam,
1412 1080 1508 1176 quod
1526 1082 1559 1152 ei
1583 1104 1642 1154 re-

229 1207 335 1279 bellas
349 1205 461 1278 edocti
488 1202 642 1298 prodicta
659 1203 797 1276 castella
814 1214 849 1276 et
866 1205 1064 1277 thesaurum
1082 1207 1225 1278 ecclesie
1250 1206 1408 1299 nequiter
1424 1204 1585 1278 detinetis
1608 1217 1643 1280 et

228 1353 270 1403 ea
286 1329 440 1402 vivendo
457 1328 636 1400 luxuriose
657 1328 817 1420 vastatis;
836 1329 881 1402 da
900 1331 1030 1424 quibus
1042 1331 1349 1403 excommunicatis
1365 1339 1399 1402 ct
1418 1329 1576 1403 hostibus
1596 1332 1642 1404 ad

229 1455 486 1551 oppressionem
510 1451 666 1546 ejusdem
689 1451 938 1550 archiepiscopi
960 1456 1151 1549 largissime
1167 1455 1415 1542 ministrantes,
1437 1455 1503 1550 ipsi
1522 1479 1586 1528 nec
1605 1457 1640 1528 in

229 1579 367 1654 modico
390 1578 597 1652 subvenitis.
628 1577 838 1651 cancellario
861 1579 972 1674 primo
997 1589 1032 1652 et
1060 1579 1153 1652 tratri
1181 1581 1275 1672 ejus,
1300 1579 1454 1652 secundo
1482 1581 1643 1654 damnato

230 1705 394 1777 memorie
406 1701 605 1776 Marcualdo
622 1711 657 1774 et
673 1725 766 1774 nunc
788 1703 888 1776 tertio
907 1705 963 1776 W.
984 1703 1185 1800 Capparono
1200 1705 1340 1796 jurastis
1355 1713 1390 1776 et
1408 1717 1525 1776 contra
1547 1729 1642 1800 pros·

231 1829 331 1900 titum
346 1829 604 1921 juramentum,
629 1837 798 1900 secretum
816 1828 993 1922 quoddam
1019 1829 1116 1924 quod
1139 1829 1289 1902 debebat
1312 1837 1412 1901 caute
1429 1829 1551 1920 celari,
1573 1852 1643 1903 non

230 1953 422 2049 expavistis
442 1952 601 2047 nequiter
625 1952 795 2042 revelaru3
816 1952 912 2025 unde
935 1953 1023 2025 mala
1044 1954 1161 2026 omnia
1178 1975 1248 2046 quo
1265 1953 1422 2026 Panormi
1445 1965 1480 2025 et
1504 1975 1565 2049 per
1582 1955 1644 2026 Si-

231 2079 346 2150 ciliam
364 2077 548 2152 abeodem
568 2075 767 2149 Marcualdo
785 2085 867 2148 sunt
884 2087 1075 2172 perpetrata
1092 2079 1290 2172 provenisse
1309 2077 1484 2150 videntur.
1501 2079 1643 2174 insuper

231 2203 391 2275 thesauro
418 2203 563 2274 ecclesie
592 2201 790 2298 protligato,
820 2201 989 2302 prelatum
1018 2201 1316 2298 archiepiscopum
1344 2224 1405 2296 per
1434 2223 1585 2275 mensem
1608 2213 1643 2276 ot

230 2328 381 2422 amplius
396 2327 591 2416 obsedistis,
603 2335 728 2398 etcum
744 2326 830 2397 nibil
848 2327 1044 2422 potuissetis
1056 2327 1092 2397 in
1111 2327 1291 2399 obsidione
1309 2326 1487 2422 prolicere,
1505 2337 1642 2420 erogata

231 2453 378 2548 pecunia
397 2451 589 2546 predictum
603 2450 842 2546 Capparonum
862 2451 909 2524 ad
928 2452 1042 2546 ipsum
1061 2452 1293 2524 obsidendum
1307 2451 1483 2524 adducam
1500 2453 1642 2526 minime

231 2575 428 2664 dubitastis,
447 2597 570 2670 quem,
588 2573 678 2646 datis
696 2574 796 2646 uxori
813 2595 877 2647 sue
892 2575 1027 2666 magnis
1045 2575 1146 2670 cupis
1159 2575 1330 2668 argenteis
1347 2583 1382 2646 et
1400 2572 1582 2648 dalmatica
1597 2575 1642 2648 de

231 2701 325 2773 bulla
344 2699 396 2796 (t)
414 2699 552 2772 valente
571 2699 649 2794 plus
665 2721 770 2794 quam
789 2699 883 2770 mille
903 2708 1055 2790 tarerms,
1075 2699 1121 2770 ad
1140 2700 1205 2771 boc
1224 2699 1410 2770 induxistis
1429 2709 1468 2770 ut
1485 2700 1642 2773 homines

229 2827 341 2922 ipsius
357 2823 604 2918 archiepiscopi
622 2831 773 2918 caperet,
794 2833 969 2916 torqueret
986 2833 1020 2896 et
1037 2824 1223 2914 mutilaret,
1243 2833 1277 2896 et
1294 2823 1424 2896 amicos
1440 2833 1474 2895 at
1492 2845 1641 2896 consan-

230 2949 376 3045 guineos
396 2949 472 3041 ejus
491 2949 618 3020 iaceret
641 2949 794 3021 exulare.
821 2948 966 3020 Nuntios
989 2969 1129 3042 quoque
1154 2948 1264 3044 ipsius
1282 2947 1329 3020 ad
1347 2948 1471 3021 Sedem
1489 2948 1642 3045 Aposto-

230 3075 332 3148 licam
350 3075 528 3148 venientes
549 3095 641 3145 auno
662 3074 823 3168 preterito
840 3073 935 3168 apud
954 3074 1145 3146 Messanam
1169 3074 1245 3167 capi
1266 3073 1393 3144 lecistis
1410 3083 1445 3145 ct
1462 3075 1551 3146 male
1570 3084 1640 3146 tor·

229 3199 340 3296 queri.
371 3197 593 3271 Obediantias
620 3197 724 3270 etiam
750 3199 893 3270 ecclesie
921 3219 990 3292 que
1019 3197 1120 3269 vobis
1148 3207 1230 3268 sunt
1260 3197 1422 3269 attribute
1454 3199 1642 3294 cupiditate

228 3323 450 3420 rapacissima
473 3321 707 3422 destruentes,
730 3321 887 3394 redditus
904 3344 1023 3394 earum
1043 3329 1161 3393 contra
1184 3321 1337 3415 regulam
1356 3321 1448 3394 beati
1467 3323 1641 3395 Benedicti

230 3447 266 3519 in
293 3455 443 3519 vestram
467 3447 708 3542 proprietatem
732 3447 966 3538 convertistis,
993 3445 1250 3541 archiepiscopo
1273 3445 1358 3517 nihil
1381 3456 1441 3519 aut
1464 3447 1640 3521 modicum

230 3581 424 3666 erogantes,
441 3594 520 3643 cum
539 3573 609 3644 sint
625 3571 784 3644 redditus
801 3593 957 3643 annuum
977 3571 1095 3643 decem
1116 3572 1261 3642 millium
1279 3581 1486 3644 tarenorum.
1504 3571 1561 3644 Ad
1580 3571 1643 3646 bec

229 3698 426 3792 sepulcrum
445 3697 537 3769 bone
561 3697 725 3769 memorie
747 3695 788 3767 G.
812 3696 1060 3791 archiepiscopi
1080 3695 1332 3791 predecessoris
1358 3699 1434 3788 ejus
1457 3719 1644 3792 presump-

230 3821 324 3894 tione
341 3821 508 3915 sacrilega
528 3821 694 3912 violastis,
711 3831 745 3892 et
760 3821 943 3892 subtractis
961 3819 1044 3893 inde
1063 3821 1413 3916 archiepiscopalibus
1432 3820 1644 3894 indumentis

231 3953 267 4018 et
284 3947 443 4040 sepulcro
460 3947 639 4018 semitecto
656 3947 788 4038 relicte,
808 3947 890 4018 estis
908 3947 943 4016 in
963 3969 1044 4018 eum
1063 3947 1187 4018 similia
1205 3947 1417 4019 comminati.
1436 3947 1500 4019 Pro
1515 3948 1644 4042 quibus

230 4081 265 4142 ct
287 4069 365 4142 aliis
388 4072 507 4143 multis
528 4071 730 4144 excessibus
753 4081 788 4143 et
809 4071 893 4165 quia
913 4071 1078 4144 mandato
1100 4081 1217 4143 nostro
1242 4069 1400 4143 noluistis
1425 4071 1642 4162 aliquetenus

229 4326 322 4384 decem
338 4325 453 4384 millibus
467 4341 484 4384 a
497 4327 588 4384 Monte
606 4325 698 4399 Regali
717 4325 870 4383 distanmm.
885 4325 1022 4384 Caletrasii
1038 4343 1145 4400 quoque
1161 4327 1323 4384 mentionem
1337 4325 1469 4382 babemus
1487 4323 1558 4396 apud
1576 4325 1644 4380 Gru-

230 4439 309 4494 nrcs,
325 4425 455 4482 Diocoeaia
466 4425 570 4482 Montio
584 4427 650 4496 [tay.
663 4423 808 4497 peopropb.
825 4422 935 4494 tabula,
948 4425 1077 4497 append,
1091 4441 1119 4498 p.
1135 4428 1179 4480 ts.
1189 4424 1362 4498 Splendidum
1376 4428 1494 4480 casuum
1506 4427 1565 4477 erat
1576 4420 1645 4478 inter

229 4521 386 4580 Corleonem
399 4522 527 4579 stlocum
540 4522 619 4580 bodie
632 4522 732 4580 dictum
746 4524 835 4580 Pinna
849 4520 893 4576 dat
905 4523 992 4578 Greci.

267 4618 304 4694 (t)
321 4619 360 4675 Do
376 4618 428 4674 ista
440 4619 549 4692 pretiosi
564 4619 645 4693 panni
659 4618 761 4692 specie,
773 4617 828 4674 vid.
845 4619 947 4674 Faanc.
961 4619 1083 4690 blicam,
1095 4616 1251 4674 Reclarclas
1262 4632 1311 4674 sar
1324 4615 1360 4672 les
1372 4615 1458 4690 dtoffes
1469 4613 1500 4670 de
1510 4616 1575 4686 soie,
1587 4613 1644 4672 d'or

227 4723 256 4772 ct
268 4715 390 4790 d'orpent
403 4715 521 4791 pmdaat
534 4716 557 4774 la
569 4733 664 4790 moyen
676 4717 739 4790 apr,
756 4721 777 4772 t.
788 4715 814 4789 l,
828 4732 855 4790 p.
868 4717 920 4773 272
934 4721 961 4772 et
974 4717 1036 4772 289.
