4434 5942
537 543 580 606 42
1042 545 1256 609 ruinnaldi
1281 545 1454 609 suctum
1766 547 1846 628 [lm.
1865 550 1951 614 120st

539 679 669 763 hostes
695 680 803 790 regni
831 679 1098 787 debellandos,
1118 681 1359 764 vehementer
1391 681 1595 766 exhortans
1617 691 1661 765 ut
1683 705 1753 766 suo
1775 686 1953 769 exercitui

539 813 579 894 in
599 813 815 936 subsidium
834 825 871 898 et
889 815 1076 924 stipendia
1093 817 1321 925 respondere
1338 841 1416 899 non
1435 817 1624 901 omittant.

618 1067 709 1140 (Edit.
724 1067 756 1127 ln
766 1063 892 1146 Epistol.
904 1065 1001 1128 Inuoc.
1014 1065 1070 1143 111,
1080 1065 1132 1128 llb.
1148 1067 1189 1141 11,
1203 1075 1238 1126 n·
1250 1075 1321 1142 280,
1334 1081 1384 1145 ap.
1398 1067 1529 1142 smum,
1541 1073 1564 1127 t.
1581 1068 1610 1140 1,
1624 1083 1654 1144 p.
1671 1068 1755 1142 528.)

585 1289 819 1380 Innocentius,
837 1297 920 1383 etc,
941 1288 1140 1379 comitibus,
1161 1288 1364 1380 baronibus,
1384 1289 1525 1384 bajulis,
1544 1289 1738 1380 judicibus,
1762 1289 1900 1364 civibus
1918 1301 1954 1364 et

537 1414 701 1487 universo
724 1415 853 1511 populo
877 1415 914 1486 in
938 1435 1045 1509 regno
1064 1413 1180 1488 Sicilie
1198 1413 1404 1504 constitutis.
1426 1415 1603 1500 Quantum
1624 1413 1822 1510 Apostolica
1845 1415 1955 1490 Sedes

537 1561 608 1612 non
623 1541 736 1612 solum
754 1541 791 1612 in
810 1559 919 1633 regno
933 1539 1034 1612 vobis
1051 1549 1171 1612 contra
1185 1537 1300 1612 hostes
1316 1538 1465 1629 adunit,
1483 1539 1549 1614 sed
1566 1547 1666 1612 extra
1683 1560 1830 1634 regnum
1848 1540 1953 1614 etiam

536 1665 800 1760 gravaminibus
825 1663 951 1738 vestris
971 1685 1041 1737 non
1066 1664 1260 1755 incassum,
1278 1664 1342 1738 sed
1359 1664 1488 1740 utiliter
1505 1665 1620 1760 potius
1635 1664 1808 1738 studuerit
1829 1687 1951 1762 pmcn·

537 1812 642 1880 vere,
665 1789 858 1863 dissolvens
879 1789 1021 1882 laqueos
1038 1788 1100 1884 qui
1122 1789 1158 1860 in
1182 1809 1405 1884 personarum
1426 1799 1619 1864 vestrarum
1642 1791 1900 1887 oppressionum
1919 1801 1955 1864 ct

538 1937 653 1988 rerum
676 1913 899 2009 dispendium
922 1913 1170 2006 tendebantur,
1189 1935 1237 1988 ex
1258 1923 1355 2010 parte
1377 1913 1467 1987 sicut
1484 1915 1659 1989 credimus
1676 1924 1790 1988 vestra
1811 1915 1954 1990 univer·

540 2037 625 2111 situs
637 2041 710 2131 jam
727 2037 907 2132 cognovit3
924 2038 1069 2133 qualiter
1084 2037 1188 2112 etiam
1205 2038 1331 2112 uostris
1348 2039 1547 2136 sumptibus
1566 2061 1636 2112 non
1654 2041 1774 2130 semel,
1792 2041 1856 2115 sed
1870 2061 1954 2138 sepe

541 2161 801 2248 obviaverimus
824 2162 1006 2236 conatibus
1030 2162 1250 2257 iniquorum,
1275 2171 1445 2258 quantum
1473 2164 1576 2236 utiles
1601 2164 1769 2238 fuerimus
1792 2163 1894 2240 vobis
1917 2173 1955 2240 et

539 2309 649 2383 regno
669 2296 704 2361 et
719 2309 783 2360 vos
806 2287 996 2380 intelligitis
1012 2309 1074 2384 per
1091 2307 1156 2360 vos
1172 2287 1267 2383 ipsos
1290 2297 1326 2362 et
1350 2309 1439 2384 opus
1457 2287 1690 2362 testimouium
1715 2289 1872 2386 perhibet
1890 2311 1953 2364 ve·

540 2414 644 2505 rituti,
666 2435 761 2507 cum,
785 2413 852 2486 nisi
869 2413 1030 2506 fallimur,
1057 2413 1163 2488 immo
1179 2414 1264 2509 quia
1287 2435 1357 2488 non
1379 2413 1543 2507 fallimur,
1566 2413 1666 2488 aliter
1692 2413 1799 2489 hodie
1816 2417 1954 2489 Marco-

539 2539 666 2612 valdus
683 2547 718 2612 et
735 2538 919 2634 complices
937 2542 1012 2633 ejus
1034 2539 1285 2634 prevaluissent
1298 2539 1335 2612 in
1352 2561 1511 2634 regnum,
1527 2539 1594 2612 nisi
1608 2561 1670 2634 per
1685 2561 1749 2613 nos
1765 2541 1955 2636 prudenter

538 2675 574 2740 et
594 2673 750 2762 potenter
771 2674 842 2737 tam
867 2665 1091 2760 spiritualiter
1113 2687 1218 2760 quum
1245 2665 1474 2761 temporaliter
1494 2665 1616 2738 luisset
1640 2665 1954 2742 machinationibus

538 2813 659 2866 eorum
675 2813 873 2866 occursum.
891 2791 934 2863 Et
950 2791 1030 2864 licet
1043 2813 1112 2864 non
1128 2792 1239 2864 solum
1256 2789 1468 2863 solicitudini
1486 2798 1614 2882 nostre,
1630 2788 1693 2864 sed
1711 2809 1775 2864 nec
1788 2791 1953 2888 expensis

538 2917 643 2991 etiam
665 2916 833 2989 hactenus
852 2917 909 2988 vel
929 2916 965 2986 in
986 2915 1124 2989 modico
1147 2916 1192 2988 sit
1212 2936 1436 3011 responsum,
1461 2915 1545 3010 quia
1570 2925 1686 2988 tumen
1706 2915 1808 2988 vobis
1831 2915 1953 2991 deesse

538 3063 605 3114 nec
628 3041 790 3113 volumus
814 3061 879 3112 nec
895 3038 1077 3128 debemus,
1101 3039 1265 3113 dilectum
1288 3038 1397 3112 lilium
1414 3049 1570 3113 nostrum
1585 3039 1623 3112 C.
1644 3041 1760 3112 Sancti
1778 3041 1953 3114 Laurentii

539 3165 577 3237 in
593 3163 724 3237 Lucina
743 3164 981 3261 presbytemm
1006 3163 1239 3257 cardinalem,
1258 3163 1455 3260 Apostolics
1470 3163 1572 3238 Sedis
1596 3165 1765 3260 legatum,
1791 3175 1826 3239 et
1846 3186 1952 3238 vene-

538 3289 666 3364 rabiles
694 3289 815 3363 iratres
846 3297 979 3364 nostros
1003 3289 1271 3386 Neapolitanum
1298 3297 1335 3363 et
1362 3288 1584 3362 Tarentinum
1612 3288 1889 3387 archiepiscopos
1918 3299 1954 3364 et

537 3415 689 3488 nobilem
711 3415 826 3488 virum
845 3416 877 3488 J.
901 3415 1148 3490 marescalcum
1165 3424 1201 3490 ot
1217 3413 1462 3488 consobrinum
1487 3422 1642 3487 nostmm
1664 3414 1701 3486 in
1723 3435 1869 3509 regnum
1890 3413 1952 3486 Si-

539 3538 635 3630 cilie,
659 3539 696 3610 in
720 3559 762 3612 eo
784 3538 870 3634 ipsis
893 3539 971 3612 vice
993 3547 1109 3611 nostra
1134 3537 1337 3627 commissa,
1365 3559 1446 3610 cum
1468 3537 1617 3610 exfortio
1639 3537 1787 3610 militurn
1812 3536 1859 3611 ad
1883 3535 1953 3610 de-

537 3663 717 3736 bellandos
730 3662 848 3736 hostes
866 3672 901 3738 et
921 3662 1144 3738 solidandum
1160 3683 1307 3754 regnum
1323 3661 1491 3736 duximus
1510 3659 1753 3753 destinandos3
1774 3660 1953 3736 credentes

537 3787 636 3884 quod
652 3809 723 3861 non
742 3791 854 3864 solum
873 3798 1061 3888 proventus
1077 3790 1177 3882 regni
1195 3788 1368 3864 deberetis
1384 3787 1420 3860 in
1437 3786 1611 3884 stipendia
1628 3787 1777 3860 militum
1795 3809 1950 3882 erogare,

537 3913 601 3988 sed
617 3913 662 3987 de
686 3914 810 3988 vestris
828 3915 932 3988 etiam
947 3935 1018 3988 non
1039 3915 1177 3990 modica
1194 3914 1382 3988 liberaliter
1396 3913 1555 4006 elargiri,
1577 3921 1616 3984 ut
1630 3921 1712 4008 pote
1728 3912 1858 4008 quibus
1875 3933 1954 3986 me-

536 4039 605 4112 lius
629 4048 719 4112 esset
745 4061 807 4134 pm
829 4049 921 4112 statu
946 4039 1044 4134 regni
1068 4040 1235 4114 universa
1250 4038 1533 4136 expendereque
1554 4037 1689 4112 habetis
1709 4059 1816 4132 quam
1837 4035 1954 4110 denuo

535 4187 598 4261 per
615 4164 874 4240 Marcovaldum
893 4174 928 4238 et
943 4166 1093 4238 lautores
1111 4165 1223 4262 ipsius
1241 4165 1447 4262 gravissime
1463 4163 1589 4260 subjici
1607 4161 1784 4254 servituti,
1803 4182 1953 4258 quorum

538 4289 757 4388 tyrannidem
776 4299 811 4364 et
834 4290 864 4362 si
888 4312 1009 4364 omnes
1030 4291 1087 4364 vel
1112 4291 1184 4364 iere
1201 4313 1321 4364 omnes
1339 4291 1384 4366 de
1400 4312 1507 4387 regno
1525 4291 1561 4360 in
1579 4289 1702 4373 rebus,
1721 4287 1821 4360 multi
1839 4297 1954 4360 tumen

536 4418 684 4509 majores
705 4424 740 4488 et
763 4413 972 4510 potentiores
998 4415 1034 4486 in
1057 4415 1215 4510 personis
1237 4415 1342 4490 etiam
1360 4424 1442 4488 sunt
1468 4414 1617 4510 experti.
1643 4414 1823 4486 Monemus
1848 4412 1955 4507 igitur

539 4539 799 4614 universitatem
833 4549 984 4614 vestram
1016 4547 1051 4613 et
1081 4561 1143 4636 per
1173 4539 1361 4638 apostolica
1390 4537 1516 4636 scripta
1543 4547 1614 4613 tam
1643 4559 1691 4612 ex
1716 4547 1814 4635 parte
1838 4545 1954 4611 nostra

539 4687 645 4761 quam
668 4665 760 4760 regis
777 4663 930 4740 districte
948 4664 1173 4762 precipiendo
1192 4663 1401 4740 mandamus
1424 4673 1597 4760 quatenus
1615 4663 1766 4759 legatum
1784 4663 1900 4760 ipsum
1920 4668 1957 4736 at
