4434 5942
509 539 551 602 66
1010 539 1229 603 Fulnnnlcl
1256 541 1433 604 sllcttllol
1735 537 1820 622 [litut.¹
1835 543 1921 606 leco.

511 671 665 770 plenarie
682 673 898 747 consulatum
917 677 952 748 et
970 676 1100 750 curium
1116 679 1226 751 lanne
1243 679 1374 751 scilicet
1395 687 1430 752 ot
1451 675 1528 770 ojus
1544 677 1721 752 districtus
1736 677 1926 773 supradicti

512 799 549 871 in
566 807 635 872 toto
651 819 759 893 regno
776 809 810 874 et
827 797 981 874 dominio
999 810 1115 874 nostro
1132 812 1168 876 et
1184 803 1221 876 in
1240 813 1310 877 tota
1324 811 1414 877 terra
1429 823 1535 898 quam
1549 804 1622 877 Deo
1636 801 1849 876 concedente
1863 823 1926 876 ac-

510 924 734 1020 quisierimus
756 945 819 1002 noe
844 934 878 998 et
895 925 1042 1000 heredes
1057 948 1098 999 uc
1112 947 1328 1000 successores
1351 925 1459 1000 nostri
1474 927 1510 1000 in
1529 947 1654 1021 regno,
1674 935 1777 1022 prout
1793 925 1943 1000 dictum·

511 1057 580 1140 est,
599 1049 689 1122 sicut
704 1071 781 1123 cam
800 1059 835 1122 et
851 1072 932 1124 eum
948 1052 1073 1126 melius
1090 1051 1288 1126 habuerunt
1303 1059 1339 1124 et
1352 1059 1538 1124 tennerunt
1549 1061 1703 1148 tempore
1715 1049 1808 1145 regie
1823 1050 1927 1124 Guil-

510 1173 604 1246 lolmi
620 1173 767 1248 secundi
787 1175 879 1248 bone
892 1177 1056 1250 memorio
1072 1177 1268 1252 consobrini
1285 1175 1405 1252 nostri.
1422 1175 1648 1250 Restituimus
1664 1195 1806 1272 quoque
1825 1195 1926 1248 oom-

511 1297 610 1370 muni
623 1299 734 1370 Janne
750 1298 872 1372 domos
890 1321 1009 1374 omnes
1027 1311 1063 1374 et
1080 1311 1188 1375 terrae
1209 1323 1298 1397 quae
1316 1321 1501 1374 commune
1518 1301 1628 1374 Ianne
1643 1299 1726 1373 olim
1742 1298 1865 1373 habuit
1889 1298 1926 1370 in

510 1444 618 1518 regno
635 1433 670 1497 et
692 1423 846 1499 dominio
863 1441 979 1500 nostro
996 1435 1149 1522 tempore
1164 1425 1320 1520 ejusdem
1339 1427 1432 1520 regis
1445 1422 1619 1497 Guiltelmi
1640 1424 1731 1497 bone
1746 1423 1924 1496 memorio.

510 1550 640 1621 Damus
653 1550 796 1646 insuper
809 1551 984 1623 communi
999 1551 1110 1624 lanua
1129 1572 1192 1647 pro
1215 1549 1486 1646 negotiatoribus
1502 1550 1612 1622 lanne
1628 1557 1664 1621 et
1682 1547 1855 1622 districtus
1869 1549 1926 1620 la·

511 1672 656 1744 nuensis
669 1671 817 1766 predicti
835 1671 1025 1746 incivitate
1045 1683 1162 1746 nostru
1173 1675 1333 1748 Messene
1346 1673 1488 1747 domum
1509 1693 1579 1768 que
1596 1671 1662 1744 fuit
1679 1671 1872 1766 Margariti,
1890 1671 1927 1742 in

511 1791 696 1887 Syracosia
711 1791 853 1864 domum
868 1814 937 1888 que
950 1794 1016 1866 init
1033 1793 1189 1869 Gauiridi
1207 1793 1252 1868 de
1265 1793 1420 1888 Modica,
1447 1793 1484 1867 in
1509 1795 1666 1891 Trapana
1690 1793 1832 1867 domum
1858 1813 1927 1887 que

513 1913 579 1986 fuit
594 1912 691 1986 Gaeti
708 1913 894 1986 Buloasimi
908 1913 975 2010 (l),
995 1916 1032 1988 in
1055 1916 1198 2012 Neapoli
1221 1916 1403 1990 fundicum
1420 1924 1576 1990 nostrum
1592 1913 1689 2011 quod
1706 1923 1758 1988 est
1775 1914 1812 1986 in
1830 1923 1928 2010 porta

376 2059 384 2092 r
513 2035 668 2110 llorizini
685 2057 764 2108 cnm
789 2036 985 2110 introitibus
1003 2044 1038 2110 et
1053 2038 1206 2112 exitibus
1230 2049 1266 2113 et
1281 2040 1445 2113 omnibus
1467 2037 1596 2112 finibus
1619 2038 1705 2112 suis.
1723 2038 1798 2111 Non
1814 2037 1929 2134 prohi-

513 2161 661 2234 beantur
677 2159 866 2254 aliquando
887 2161 1076 2238 lanucnees
1092 2163 1189 2242 etde
1209 2163 1367 2238 districtu
1386 2165 1499 2238 Ianne
1514 2162 1714 2260 supradicto
1733 2162 1841 2235 libere
1858 2182 1928 2236 ex-

514 2284 650 2360 trahere
662 2285 708 2360 de
717 2285 877 2360 Siciliaet
886 2295 956 2360 toto
971 2285 1125 2361 dominio
1134 2297 1251 2362 nostro
1261 2298 1297 2363 et
1307 2290 1353 2394 tle
1364 2296 1435 2362 tota
1447 2296 1537 2362 terra
1547 2309 1655 2382 qnam
1668 2286 1929 2383 acquisierimus

515 2431 579 2484 nos
586 2419 621 2484 ot
628 2409 775 2484 herodes
782 2418 842 2484 aut
850 2431 1066 2484 successores
1074 2413 1181 2486 nostri
1189 2413 1226 2484 in
1237 2413 1456 2508 ragno,sicnt
1463 2412 1593 2487 dictum
1601 2421 1666 2504 est,
1674 2413 1885 2485 frumentum
1894 2421 1930 2483 et

515 2535 830 2630 victualiu,ebsque
840 2535 913 2608 ullo
915 2539 994 2628 iuro
1002 2544 1038 2608 et
1048 2535 1188 2610 datione
1197 2536 1384 2612 deferenda
1393 2536 1524 2610 scilicet
1534 2543 1569 2610 ot
1579 2535 1630 2609 ibi
1642 2535 1930 2610 interlanuenses

515 2658 911 2734 vendendaetlrucnda.
922 2660 1090 2736 Volumus
1102 2661 1291 2758 insuperet
1303 2656 1930 2756 reginordinationesanctimusquod

513 2785 702 2858 lensenses
717 2804 837 2858 omnes
855 2793 891 2858 et
903 2783 950 2858 de
964 2783 1123 2860 districtu
1135 2789 1246 2860 lanne
1261 2786 1461 2882 supradicto
1475 2784 1522 2858 de
1537 2793 1651 2858 cetero
1667 2793 1703 2856 et
1715 2785 1753 2856 in
1765 2795 1931 2880 perpetuo

513 2910 583 2982 sint
596 2910 683 2982 salvi
697 2918 732 2982 et
743 2909 869 3002 securi,
883 2909 988 2984 rebus
1005 2921 1041 2984 et
1052 2911 1222 3007 personis,
1237 2912 1325 2986 mari
1341 2920 1376 2985 et
1390 2919 1493 3005 terra,
1506 2911 1544 2984 in
1561 2918 1633 2984 toto
1647 2931 1756 3005 regno
1766 2909 1881 2983 Sicilie
1897 2917 1932 2982 et

515 3033 670 3108 dominio
684 3044 801 3108 nostro
817 3041 853 3107 et
866 3043 937 3108 tota
953 3043 1042 3110 terra
1058 3055 1165 3130 quem
1181 3035 1227 3108 de
1240 3045 1354 3110 cetero
1373 3035 1636 3131 acquisierimus
1654 3055 1718 3108 noa
1734 3043 1769 3108 et
1785 3033 1932 3106 heredes

516 3181 558 3232 ac
572 3180 786 3233 successores
798 3158 905 3232 nostri
919 3158 956 3230 in
972 3179 1093 3253 regno,
1103 3159 1333 3234 sicntdictum
1343 3167 1477 3256 est,per
1491 3179 1555 3232 nos
1567 3168 1603 3232 et
1614 3157 1772 3231 homines
1784 3156 1884 3248 regni
1897 3165 1932 3228 et

516 3284 661 3358 dominii
675 3283 961 3379 nostri‚exceptis
969 3281 1227 3380 predonibuset
1237 3285 1431 3358 cursalibus
1442 3283 1488 3358 de
1500 3283 1630 3379 quibus
1642 3283 1673 3356 si
1685 3282 1722 3354 in
1734 3279 1931 3354 offensioni·

515 3409 583 3482 bus
605 3409 703 3504 regni
726 3409 783 3482 vel
803 3407 984 3482 hominum
1012 3415 1207 3482 nostrorum
1229 3408 1467 3501 inveniuntur,
1486 3408 1583 3482 curia
1601 3415 1717 3482 nostra
1737 3427 1801 3502 pro
1826 3405 1933 3478 bene·

516 3533 643 3630 placito
659 3555 724 3608 suo
740 3534 853 3606 lacere
870 3531 978 3628 possit
991 3541 1025 3604 et
1036 3531 1207 3626 judicare.
1225 3533 1382 3608 Cursules
1407 3553 1548 3630 quoque
1568 3553 1640 3606 non
1666 3529 1873 3628 recipiemus
1894 3528 1932 3600 in

517 3677 625 3752 regno
641 3656 699 3732 vel
719 3657 874 3732 dominio
886 3666 1002 3730 nostro
1017 3679 1080 3732 nec
1095 3659 1248 3756 recipere
1264 3659 1519 3756 permittemus,
1538 3657 1609 3730 imo
1624 3655 1760 3749 bajulos
1778 3655 1933 3732 locorum

518 3780 564 3855 de
581 3801 688 3875 regno
708 3785 826 3875 jurare
851 3781 1017 3856 iaciemus
1040 3781 1085 3857 de
1107 3783 1192 3880 ipsis
1207 3806 1278 3857 non
1293 3781 1502 3880 recipiendis
1519 3791 1555 3856 et
1566 3781 1612 3856 do
1630 3781 1726 3854 nullo
1741 3765 1883 3853 conulio
1899 3787 1934 3850 et

518 3905 653 3980 auxilio
667 3906 719 3980 eis
736 3905 865 3980 dando.
884 3906 921 3978 Si
934 3907 1124 3982 lannensea
1134 3917 1169 3981 et
1186 3907 1232 3982 de
1247 3906 1403 3980 districtu
1423 3909 1534 3982 tenue
1545 3904 1745 4002 supradicto
1757 3903 1934 4000 querelam

520 4031 662 4106 iecerint
686 4031 855 4106 adversus
870 4031 1059 4127 quemlibet
1078 4033 1125 4107 de
1146 4053 1254 4129 reguo
1275 4041 1392 4106 nostro
1409 4041 1445 4106 et
1459 4029 1632 4124 dominio,
1647 4029 1749 4103 iaciat
1769 4028 1818 4102 eis
1837 4025 1934 4100 cuna

521 4165 636 4230 nostra
649 4157 782 4250 justitie
804 4157 1094 4253 complementum
1111 4158 1202 4232 inira
1224 4157 1454 4254 quadraginta
1477 4156 1553 4231 dies
1574 4163 1653 4252 post
1676 4155 1801 4229 iactam
1823 4152 1935 4226 recla-

559 4491 596 4565 (t)
616 4491 643 4547 ls
663 4494 705 4547 eet
727 4487 792 4546 lua'id
817 4486 1038 4546 Abou’lllassem
1058 4485 1254 4558 Ebu-Hamud,
1273 4485 1476 4560 cognominatus
1494 4481 1718 4558 nonu-nauci,
1738 4479 1786 4554 qui
1808 4481 1935 4552 regnante

522 4587 664 4647 Guillelmo
675 4587 792 4644 secundo
806 4601 931 4658 magnam
943 4585 971 4641 in
985 4583 1075 4642 Sicilia
1087 4599 1230 4660 personam
1241 4583 1305 4658 egit.
1314 4583 1376 4644 viu.
1390 4581 1495 4656 lutat,
1509 4583 1612 4657 Vonone
1624 4597 1658 4640 en
1668 4577 1754 4640 sicile
1765 4577 1796 4638 de
1808 4575 1935 4636 Mobum·

486 4683 492 4744 t
521 4684 787 4759 incibile-Diabate
802 4701 831 4759 p.
848 4687 877 4741 ot
895 4689 924 4741 ot
940 4689 996 4742 not.
1009 4685 1055 4740 lo.
