<?xml version="1.0" encoding="UTF-8"?>
<!DOCTYPE html PUBLIC "-//W3C//DTD XHTML 1.0 Transitional//EN"
    "http://www.w3.org/TR/xhtml1/DTD/xhtml1-transitional.dtd">
<html xmlns="http://www.w3.org/1999/xhtml" xml:lang="en" lang="en">
 <head>
  <title>
</title>
<meta http-equiv="Content-Type" content="text/html;charset=utf-8" />
  <meta name='ocr-system' content='tesseract 3.04.00' />
  <meta name='ocr-capabilities' content='ocr_page ocr_carea ocr_par ocr_line ocrx_word'/>
</head>
<body>
  <div class='ocr_page' id='page_1' title='image "./historiadiploma06fredgoog_0236.png"; bbox 0 0 4334 5980; ppageno 0'>
   <div class='ocr_carea' id='block_1_1' title="bbox 200 557 1613 645">
    <p class='ocr_par' dir='ltr' id='par_1_1' title="bbox 200 557 1613 645">
     <span class='ocr_line' id='line_1_1' title="bbox 200 557 1613 645; baseline -0.001 -21"><span class='ocrx_word' id='word_1_1' title='bbox 200 559 375 645; x_wconf 83' lang='lat' dir='ltr'><strong>ltrurcr.15.]</strong></span> <span class='ocrx_word' id='word_1_2' title='bbox 650 557 849 621; x_wconf 79' lang='lat' dir='ltr'>HISTORIA</span> <span class='ocrx_word' id='word_1_3' title='bbox 873 557 1167 620; x_wconf 83' lang='lat' dir='ltr'><strong>DleOllllTlCll.</strong></span> <span class='ocrx_word' id='word_1_4' title='bbox 1553 561 1613 623; x_wconf 72' lang='grc'><strong>217</strong></span> 
     </span>
    </p>
   </div>
   <div class='ocr_carea' id='block_1_2' title="bbox 200 694 1711 4526">
    <p class='ocr_par' dir='ltr' id='par_1_2' title="bbox 200 694 1711 3900">
     <span class='ocr_line' id='line_1_2' title="bbox 200 694 1610 795; baseline -0.001 -23"><span class='ocrx_word' id='word_1_5' title='bbox 200 699 423 795; x_wconf 90' lang='lat' dir='ltr'><strong>privilegium</strong></span> <span class='ocrx_word' id='word_1_6' title='bbox 449 695 597 770; x_wconf 89' lang='lat' dir='ltr'><strong>instituit</strong></span> <span class='ocrx_word' id='word_1_7' title='bbox 618 695 733 792; x_wconf 90' lang='lat' dir='ltr'><strong>ipsnm</strong></span> <span class='ocrx_word' id='word_1_8' title='bbox 753 716 889 790; x_wconf 88' lang='lat' dir='ltr'><strong>regem,</strong></span> <span class='ocrx_word' id='word_1_9' title='bbox 912 695 1124 768; x_wconf 74' lang='lat' dir='ltr'><strong>instituimus</strong></span> <span class='ocrx_word' id='word_1_10' title='bbox 1148 705 1184 769; x_wconf 91' lang='lat' dir='ltr'><strong>et</strong></span> <span class='ocrx_word' id='word_1_11' title='bbox 1209 694 1453 770; x_wconf 88' lang='lat' dir='ltr'><strong>confirmamus</strong></span> <span class='ocrx_word' id='word_1_12' title='bbox 1467 706 1513 770; x_wconf 79' lang='lat' dir='ltr'><strong>ct</strong></span> <span class='ocrx_word' id='word_1_13' title='bbox 1539 707 1610 771; x_wconf 89' lang='lat' dir='ltr'><strong>tam</strong></span> 
     </span>
     <span class='ocr_line' id='line_1_3' title="bbox 200 819 1711 916; baseline -0.001 -20"><span class='ocrx_word' id='word_1_14' title='bbox 200 833 353 897; x_wconf 77' lang='lat' dir='ltr'><strong>sanctam</strong></span> <span class='ocrx_word' id='word_1_15' title='bbox 377 830 413 896; x_wconf 92' lang='lat' dir='ltr'><strong>et</strong></span> <span class='ocrx_word' id='word_1_16' title='bbox 436 820 578 916; x_wconf 87' lang='lat' dir='ltr'><strong>dignam</strong></span> <span class='ocrx_word' id='word_1_17' title='bbox 601 820 850 894; x_wconf 78' lang='lat' dir='ltr'><strong>institutionem</strong></span> <span class='ocrx_word' id='word_1_18' title='bbox 874 819 1125 916; x_wconf 80' lang='lat' dir='ltr'><strong>approbamus,</strong></span> <span class='ocrx_word' id='word_1_19' title='bbox 1148 841 1365 916; x_wconf 80' lang='lat' dir='ltr'><strong>regnumque</strong></span> <span class='ocrx_word' id='word_1_20' title='bbox 1382 822 1545 895; x_wconf 89' lang='lat' dir='ltr'><strong>Bohemie</strong></span> <span class='ocrx_word' id='word_1_21' title='bbox 1562 821 1612 894; x_wconf 90' lang='lat' dir='ltr'><strong>li·-</strong></span> <span class='ocrx_word' id='word_1_22' title='bbox 1704 853 1711 872; x_wconf 92' lang='lat'><strong>·</strong></span> 
     </span>
     <span class='ocr_line' id='line_1_4' title="bbox 202 945 1613 1042; baseline -0.001 -20"><span class='ocrx_word' id='word_1_23' title='bbox 202 947 361 1022; x_wconf 88' lang='lat' dir='ltr'><strong>beraliter</strong></span> <span class='ocrx_word' id='word_1_24' title='bbox 376 955 412 1020; x_wconf 89' lang='lat' dir='ltr'><strong>et</strong></span> <span class='ocrx_word' id='word_1_25' title='bbox 427 946 562 1041; x_wconf 85' lang='lat' dir='ltr'><strong>absque</strong></span> <span class='ocrx_word' id='word_1_26' title='bbox 578 945 673 1019; x_wconf 94' lang='lat' dir='ltr'><strong>omni</strong></span> <span class='ocrx_word' id='word_1_27' title='bbox 690 945 840 1041; x_wconf 90' lang='lat' dir='ltr'><strong>pecunie</strong></span> <span class='ocrx_word' id='word_1_28' title='bbox 856 945 1040 1018; x_wconf 83' lang='lat' dir='ltr'><strong>exactione</strong></span> <span class='ocrx_word' id='word_1_29' title='bbox 1058 953 1093 1016; x_wconf 86' lang='lat' dir='ltr'><strong>et</strong></span> <span class='ocrx_word' id='word_1_30' title='bbox 1110 953 1276 1019; x_wconf 89' lang='lat' dir='ltr'><strong>consueta</strong></span> <span class='ocrx_word' id='word_1_31' title='bbox 1294 945 1389 1020; x_wconf 91' lang='lat' dir='ltr'><strong>curie</strong></span> <span class='ocrx_word' id='word_1_32' title='bbox 1407 957 1523 1019; x_wconf 90' lang='lat' dir='ltr'><strong>nostre</strong></span> <span class='ocrx_word' id='word_1_33' title='bbox 1535 949 1613 1042; x_wconf 88' lang='lat' dir='ltr'><strong>jus·</strong></span> 
     </span>
     <span class='ocr_line' id='line_1_5' title="bbox 202 1067 1614 1164; baseline 0.002 -23"><span class='ocrx_word' id='word_1_34' title='bbox 202 1069 276 1142; x_wconf 87' lang='lat' dir='ltr'><strong>titia</strong></span> <span class='ocrx_word' id='word_1_35' title='bbox 299 1069 366 1142; x_wconf 92' lang='lat' dir='ltr'><strong>sibi</strong></span> <span class='ocrx_word' id='word_1_36' title='bbox 388 1068 531 1164; x_wconf 89' lang='lat' dir='ltr'><strong>suisque</strong></span> <span class='ocrx_word' id='word_1_37' title='bbox 556 1067 814 1142; x_wconf 90' lang='lat' dir='ltr'><strong>successoribus</strong></span> <span class='ocrx_word' id='word_1_38' title='bbox 837 1069 873 1140; x_wconf 95' lang='lat' dir='ltr'><strong>iu</strong></span> <span class='ocrx_word' id='word_1_39' title='bbox 898 1077 1105 1164; x_wconf 90' lang='lat' dir='ltr'><strong>perpetuum</strong></span> <span class='ocrx_word' id='word_1_40' title='bbox 1127 1068 1368 1160; x_wconf 86' lang='lat' dir='ltr'><strong>concedimus;</strong></span> <span class='ocrx_word' id='word_1_41' title='bbox 1395 1071 1551 1144; x_wconf 81' lang='lat' dir='ltr'><strong>volentes</strong></span> <span class='ocrx_word' id='word_1_42' title='bbox 1574 1081 1614 1144; x_wconf 90' lang='lat' dir='ltr'><strong>ut</strong></span> 
     </span>
     <span class='ocr_line' id='line_1_6' title="bbox 201 1191 1614 1290; baseline 0 -22"><span class='ocrx_word' id='word_1_43' title='bbox 201 1193 414 1288; x_wconf 85' lang='lat' dir='ltr'><strong>quicumque</strong></span> <span class='ocrx_word' id='word_1_44' title='bbox 435 1193 482 1268; x_wconf 89' lang='lat' dir='ltr'><strong>ab</strong></span> <span class='ocrx_word' id='word_1_45' title='bbox 500 1193 585 1290; x_wconf 90' lang='lat' dir='ltr'><strong>ipsis</strong></span> <span class='ocrx_word' id='word_1_46' title='bbox 603 1193 639 1264; x_wconf 95' lang='lat' dir='ltr'><strong>in</strong></span> <span class='ocrx_word' id='word_1_47' title='bbox 656 1213 774 1286; x_wconf 89' lang='lat' dir='ltr'><strong>regem</strong></span> <span class='ocrx_word' id='word_1_48' title='bbox 797 1193 929 1266; x_wconf 89' lang='lat' dir='ltr'><strong>electus</strong></span> <span class='ocrx_word' id='word_1_49' title='bbox 947 1192 1050 1265; x_wconf 89' lang='lat' dir='ltr'><strong>luerit</strong></span> <span class='ocrx_word' id='word_1_50' title='bbox 1065 1191 1112 1266; x_wconf 87' lang='lat' dir='ltr'><strong>nd</strong></span> <span class='ocrx_word' id='word_1_51' title='bbox 1130 1214 1195 1266; x_wconf 90' lang='lat' dir='ltr'><strong>nos</strong></span> <span class='ocrx_word' id='word_1_52' title='bbox 1216 1193 1273 1266; x_wconf 87' lang='lat' dir='ltr'><strong>vel</strong></span> <span class='ocrx_word' id='word_1_53' title='bbox 1296 1193 1510 1267; x_wconf 85' lang='lat' dir='ltr'><strong>successores</strong></span> <span class='ocrx_word' id='word_1_54' title='bbox 1532 1217 1614 1269; x_wconf 90' lang='lat' dir='ltr'><strong>uos·</strong></span> 
     </span>
     <span class='ocr_line' id='line_1_7' title="bbox 202 1315 1613 1414; baseline 0.001 -24"><span class='ocrx_word' id='word_1_55' title='bbox 202 1325 273 1390; x_wconf 86' lang='lat' dir='ltr'><strong>tros</strong></span> <span class='ocrx_word' id='word_1_56' title='bbox 290 1317 445 1410; x_wconf 89' lang='lat' dir='ltr'><strong>accedat,</strong></span> <span class='ocrx_word' id='word_1_57' title='bbox 465 1317 596 1412; x_wconf 85' lang='lat' dir='ltr'><strong>regalia</strong></span> <span class='ocrx_word' id='word_1_58' title='bbox 614 1317 731 1392; x_wconf 90' lang='lat' dir='ltr'><strong>debito</strong></span> <span class='ocrx_word' id='word_1_59' title='bbox 748 1315 853 1390; x_wconf 92' lang='lat' dir='ltr'><strong>modo</strong></span> <span class='ocrx_word' id='word_1_60' title='bbox 873 1325 1084 1412; x_wconf 86' lang='lat' dir='ltr'><strong>recepturus.</strong></span> <span class='ocrx_word' id='word_1_61' title='bbox 1103 1315 1231 1390; x_wconf 87' lang='lat' dir='ltr'><strong>Omnes</strong></span> <span class='ocrx_word' id='word_1_62' title='bbox 1250 1317 1353 1390; x_wconf 90' lang='lat' dir='ltr'><strong>etiem</strong></span> <span class='ocrx_word' id='word_1_63' title='bbox 1370 1318 1533 1392; x_wconf 88' lang='lat' dir='ltr'><strong>terminos</strong></span> <span class='ocrx_word' id='word_1_64' title='bbox 1550 1320 1613 1414; x_wconf 95' lang='lat' dir='ltr'><strong>qui</strong></span> 
     </span>
     <span class='ocr_line' id='line_1_8' title="bbox 202 1441 1615 1537; baseline -0.001 -21"><span class='ocrx_word' id='word_1_65' title='bbox 202 1441 358 1537; x_wconf 91' lang='lat' dir='ltr'><strong>predicto</strong></span> <span class='ocrx_word' id='word_1_66' title='bbox 377 1463 486 1537; x_wconf 90' lang='lat' dir='ltr'><strong>reguo</strong></span> <span class='ocrx_word' id='word_1_67' title='bbox 510 1442 656 1516; x_wconf 85' lang='lat' dir='ltr'><strong>attinere</strong></span> <span class='ocrx_word' id='word_1_68' title='bbox 682 1441 858 1534; x_wconf 85' lang='lat' dir='ltr'><strong>videntur,</strong></span> <span class='ocrx_word' id='word_1_69' title='bbox 879 1463 1102 1536; x_wconf 91' lang='lat' dir='ltr'><strong>quocumque</strong></span> <span class='ocrx_word' id='word_1_70' title='bbox 1119 1441 1224 1515; x_wconf 90' lang='lat' dir='ltr'><strong>modo</strong></span> <span class='ocrx_word' id='word_1_71' title='bbox 1244 1441 1382 1514; x_wconf 89' lang='lat' dir='ltr'><strong>alienati</strong></span> <span class='ocrx_word' id='word_1_72' title='bbox 1409 1442 1494 1530; x_wconf 88' lang='lat' dir='ltr'><strong>sint,</strong></span> <span class='ocrx_word' id='word_1_73' title='bbox 1520 1444 1553 1516; x_wconf 89' lang='lat' dir='ltr'><strong>ei</strong></span> <span class='ocrx_word' id='word_1_74' title='bbox 1580 1455 1615 1516; x_wconf 91' lang='lat' dir='ltr'><strong>et</strong></span> 
     </span>
     <span class='ocr_line' id='line_1_9' title="bbox 203 1565 1614 1661; baseline 0.002 -25"><span class='ocrx_word' id='word_1_75' title='bbox 203 1567 459 1640; x_wconf 86' lang='lat' dir='ltr'><strong>successoribus</strong></span> <span class='ocrx_word' id='word_1_76' title='bbox 481 1565 556 1639; x_wconf 90' lang='lat' dir='ltr'><strong>suis</strong></span> <span class='ocrx_word' id='word_1_77' title='bbox 576 1565 805 1661; x_wconf 88' lang='lat' dir='ltr'><strong>possidendos</strong></span> <span class='ocrx_word' id='word_1_78' title='bbox 822 1565 1058 1659; x_wconf 77' lang='lat' dir='ltr'><strong>indulgemus.</strong></span> <span class='ocrx_word' id='word_1_79' title='bbox 1080 1565 1141 1637; x_wconf 86' lang='lat' dir='ltr'><strong>lus</strong></span> <span class='ocrx_word' id='word_1_80' title='bbox 1158 1587 1299 1660; x_wconf 93' lang='lat' dir='ltr'><strong>quoqne</strong></span> <span class='ocrx_word' id='word_1_81' title='bbox 1318 1576 1354 1638; x_wconf 92' lang='lat' dir='ltr'><strong>et</strong></span> <span class='ocrx_word' id='word_1_82' title='bbox 1374 1566 1614 1639; x_wconf 86' lang='lat' dir='ltr'><strong>authoritatem</strong></span> 
     </span>
     <span class='ocr_line' id='line_1_10' title="bbox 203 1687 1615 1787; baseline 0.002 -27"><span class='ocrx_word' id='word_1_83' title='bbox 203 1687 412 1764; x_wconf 83' lang='lat' dir='ltr'><strong>investiendi</strong></span> <span class='ocrx_word' id='word_1_84' title='bbox 437 1690 619 1787; x_wconf 90' lang='lat' dir='ltr'><strong>episcopos</strong></span> <span class='ocrx_word' id='word_1_85' title='bbox 638 1690 735 1782; x_wconf 87' lang='lat' dir='ltr'><strong>regui</strong></span> <span class='ocrx_word' id='word_1_86' title='bbox 754 1690 810 1762; x_wconf 90' lang='lat' dir='ltr'><strong>sui</strong></span> <span class='ocrx_word' id='word_1_87' title='bbox 828 1688 1038 1784; x_wconf 75' lang='lat' dir='ltr'><strong>integraliter</strong></span> <span class='ocrx_word' id='word_1_88' title='bbox 1055 1689 1121 1761; x_wconf 90' lang='lat' dir='ltr'><strong>sibi</strong></span> <span class='ocrx_word' id='word_1_89' title='bbox 1145 1697 1180 1762; x_wconf 90' lang='lat' dir='ltr'><strong>et</strong></span> <span class='ocrx_word' id='word_1_90' title='bbox 1197 1687 1384 1761; x_wconf 88' lang='lat' dir='ltr'><strong>heredibus</strong></span> <span class='ocrx_word' id='word_1_91' title='bbox 1401 1691 1478 1762; x_wconf 90' lang='lat' dir='ltr'><strong>suis·</strong></span> <span class='ocrx_word' id='word_1_92' title='bbox 1491 1711 1615 1764; x_wconf 89' lang='lat' dir='ltr'><strong>nonce-</strong></span> 
     </span>
     <span class='ocr_line' id='line_1_11' title="bbox 204 1811 1617 1910; baseline 0.001 -24"><span class='ocrx_word' id='word_1_93' title='bbox 204 1811 338 1906; x_wconf 88' lang='lat' dir='ltr'><strong>dimus,</strong></span> <span class='ocrx_word' id='word_1_94' title='bbox 358 1815 407 1888; x_wconf 90' lang='lat' dir='ltr'><strong>ita</strong></span> <span class='ocrx_word' id='word_1_95' title='bbox 430 1823 545 1890; x_wconf 72' lang='lat' dir='ltr'><strong>tamar</strong></span> <span class='ocrx_word' id='word_1_96' title='bbox 569 1813 665 1910; x_wconf 92' lang='lat' dir='ltr'><strong>quod</strong></span> <span class='ocrx_word' id='word_1_97' title='bbox 690 1813 758 1910; x_wconf 91' lang='lat' dir='ltr'><strong>ipsi</strong></span> <span class='ocrx_word' id='word_1_98' title='bbox 770 1835 823 1887; x_wconf 60' lang='lat' dir='ltr'><strong>&#39;ea</strong></span> <span class='ocrx_word' id='word_1_99' title='bbox 844 1813 1020 1908; x_wconf 79' lang='lat' dir='ltr'><strong>gaudeant</strong></span> <span class='ocrx_word' id='word_1_100' title='bbox 1037 1813 1193 1886; x_wconf 87' lang='lat' dir='ltr'><strong>libertate</strong></span> <span class='ocrx_word' id='word_1_101' title='bbox 1210 1823 1245 1886; x_wconf 87' lang='lat' dir='ltr'><strong>et</strong></span> <span class='ocrx_word' id='word_1_102' title='bbox 1264 1814 1447 1887; x_wconf 79' lang='lat' dir='ltr'><strong>securitate</strong></span> <span class='ocrx_word' id='word_1_103' title='bbox 1467 1835 1573 1908; x_wconf 86' lang='lat' dir='ltr'><strong>quam</strong></span> <span class='ocrx_word' id='word_1_104' title='bbox 1596 1837 1617 1888; x_wconf 91' lang='lat' dir='ltr'><strong>a</strong></span> 
     </span>
     <span class='ocr_line' id='line_1_12' title="bbox 204 1937 1618 2036; baseline 0.003 -28"><span class='ocrx_word' id='word_1_105' title='bbox 204 1939 328 2012; x_wconf 69' lang='lat' dir='ltr'><strong>noscis</strong></span> <span class='ocrx_word' id='word_1_106' title='bbox 346 1938 649 2036; x_wconf 84' lang='lat' dir='ltr'><strong>predecessoribus</strong></span> <span class='ocrx_word' id='word_1_107' title='bbox 669 1939 799 2013; x_wconf 86' lang='lat' dir='ltr'><strong>babere</strong></span> <span class='ocrx_word' id='word_1_108' title='bbox 814 1947 1079 2013; x_wconf 85' lang='lat' dir='ltr'><strong>consueverunt.</strong></span> <span class='ocrx_word' id='word_1_109' title='bbox 1098 1938 1149 2012; x_wconf 88' lang='lat' dir='ltr'><strong>De</strong></span> <span class='ocrx_word' id='word_1_110' title='bbox 1166 1947 1283 2011; x_wconf 89' lang='lat' dir='ltr'><strong>nostra</strong></span> <span class='ocrx_word' id='word_1_111' title='bbox 1298 1945 1413 2010; x_wconf 68' lang='lat' dir='ltr'><strong>unum</strong></span> <span class='ocrx_word' id='word_1_112' title='bbox 1429 1937 1618 2034; x_wconf 90' lang='lat' dir='ltr'><strong>imperialis</strong></span> 
     </span>
     <span class='ocr_line' id='line_1_13' title="bbox 204 2061 1618 2158; baseline 0.001 -24"><span class='ocrx_word' id='word_1_113' title='bbox 204 2062 419 2138; x_wconf 84' lang='lat' dir='ltr'><strong>liberalitatis</strong></span> <span class='ocrx_word' id='word_1_114' title='bbox 443 2063 678 2138; x_wconf 85' lang='lat' dir='ltr'><strong>munificentia</strong></span> <span class='ocrx_word' id='word_1_115' title='bbox 703 2063 886 2136; x_wconf 85' lang='lat' dir='ltr'><strong>statuimus</strong></span> <span class='ocrx_word' id='word_1_116' title='bbox 909 2063 1006 2158; x_wconf 90' lang='lat' dir='ltr'><strong>quod</strong></span> <span class='ocrx_word' id='word_1_117' title='bbox 1028 2062 1171 2134; x_wconf 91' lang='lat' dir='ltr'><strong>illustris</strong></span> <span class='ocrx_word' id='word_1_118' title='bbox 1189 2083 1253 2136; x_wconf 85' lang='lat' dir='ltr'><strong>rex</strong></span> <span class='ocrx_word' id='word_1_119' title='bbox 1275 2061 1449 2158; x_wconf 83' lang='lat' dir='ltr'><strong>predictus</strong></span> <span class='ocrx_word' id='word_1_120' title='bbox 1471 2063 1527 2136; x_wconf 90' lang='lat' dir='ltr'><strong>vel</strong></span> <span class='ocrx_word' id='word_1_121' title='bbox 1549 2061 1618 2136; x_wconf 91' lang='lat' dir='ltr'><strong>he-</strong></span> 
     </span>
     <span class='ocr_line' id='line_1_14' title="bbox 207 2185 1619 2282; baseline 0.001 -23"><span class='ocrx_word' id='word_1_122' title='bbox 207 2186 307 2260; x_wconf 89' lang='lat' dir='ltr'><strong>redes</strong></span> <span class='ocrx_word' id='word_1_123' title='bbox 329 2188 386 2260; x_wconf 89' lang='lat' dir='ltr'><strong>sui</strong></span> <span class='ocrx_word' id='word_1_124' title='bbox 408 2187 454 2262; x_wconf 87' lang='lat' dir='ltr'><strong>ad</strong></span> <span class='ocrx_word' id='word_1_125' title='bbox 477 2189 607 2262; x_wconf 87' lang='lat' dir='ltr'><strong>nullam</strong></span> <span class='ocrx_word' id='word_1_126' title='bbox 636 2187 767 2260; x_wconf 85' lang='lat' dir='ltr'><strong>curiam</strong></span> <span class='ocrx_word' id='word_1_127' title='bbox 792 2197 942 2260; x_wconf 88' lang='lat' dir='ltr'><strong>nostram</strong></span> <span class='ocrx_word' id='word_1_128' title='bbox 968 2187 1088 2260; x_wconf 89' lang='lat' dir='ltr'><strong>venire</strong></span> <span class='ocrx_word' id='word_1_129' title='bbox 1111 2195 1305 2274; x_wconf 88' lang='lat' dir='ltr'><strong>teneantur,</strong></span> <span class='ocrx_word' id='word_1_130' title='bbox 1332 2185 1399 2258; x_wconf 90' lang='lat' dir='ltr'><strong>nisi</strong></span> <span class='ocrx_word' id='word_1_131' title='bbox 1422 2209 1529 2282; x_wconf 89' lang='lat' dir='ltr'><strong>quam</strong></span> <span class='ocrx_word' id='word_1_132' title='bbox 1554 2207 1619 2260; x_wconf 91' lang='lat' dir='ltr'><strong>nos</strong></span> 
     </span>
     <span class='ocr_line' id='line_1_15' title="bbox 205 2310 1619 2408; baseline -0.001 -23"><span class='ocrx_word' id='word_1_133' title='bbox 205 2313 301 2408; x_wconf 90' lang='lat' dir='ltr'><strong>apud</strong></span> <span class='ocrx_word' id='word_1_134' title='bbox 327 2313 499 2406; x_wconf 89' lang='lat' dir='ltr'><strong>Bamberg</strong></span> <span class='ocrx_word' id='word_1_135' title='bbox 527 2314 584 2386; x_wconf 90' lang='lat' dir='ltr'><strong>vel</strong></span> <span class='ocrx_word' id='word_1_136' title='bbox 614 2313 806 2406; x_wconf 87' lang='lat' dir='ltr'><strong>Norinberg</strong></span> <span class='ocrx_word' id='word_1_137' title='bbox 833 2310 1074 2385; x_wconf 88' lang='lat' dir='ltr'><strong>celebrandam</strong></span> <span class='ocrx_word' id='word_1_138' title='bbox 1101 2311 1351 2398; x_wconf 86' lang='lat' dir='ltr'><strong>indixerimus,</strong></span> <span class='ocrx_word' id='word_1_139' title='bbox 1382 2312 1439 2385; x_wconf 88' lang='lat' dir='ltr'><strong>vel</strong></span> <span class='ocrx_word' id='word_1_140' title='bbox 1462 2311 1493 2383; x_wconf 88' lang='lat' dir='ltr'><strong>si</strong></span> <span class='ocrx_word' id='word_1_141' title='bbox 1522 2310 1619 2408; x_wconf 89' lang='lat' dir='ltr'><strong>apud</strong></span> 
     </span>
     <span class='ocr_line' id='line_1_16' title="bbox 205 2434 1616 2532; baseline -0.001 -22"><span class='ocrx_word' id='word_1_142' title='bbox 205 2437 406 2532; x_wconf 85' lang='lat' dir='ltr'><strong>Merseburg</strong></span> <span class='ocrx_word' id='word_1_143' title='bbox 429 2437 560 2510; x_wconf 86' lang='lat' dir='ltr'><strong>curiam</strong></span> <span class='ocrx_word' id='word_1_144' title='bbox 584 2437 757 2510; x_wconf 85' lang='lat' dir='ltr'><strong>celebrare</strong></span> <span class='ocrx_word' id='word_1_145' title='bbox 779 2436 1036 2510; x_wconf 89' lang='lat' dir='ltr'><strong>decreverimus</strong></span> <span class='ocrx_word' id='word_1_146' title='bbox 1058 2435 1125 2532; x_wconf 91' lang='lat' dir='ltr'><strong>ipsi</strong></span> <span class='ocrx_word' id='word_1_147' title='bbox 1147 2434 1198 2509; x_wconf 89' lang='lat' dir='ltr'><strong>sic</strong></span> <span class='ocrx_word' id='word_1_148' title='bbox 1218 2435 1340 2508; x_wconf 87' lang='lat' dir='ltr'><strong>venire</strong></span> <span class='ocrx_word' id='word_1_149' title='bbox 1357 2436 1566 2532; x_wconf 81' lang='lat' dir='ltr'><strong>teneantur(</strong></span> <span class='ocrx_word' id='word_1_150' title='bbox 1588 2434 1616 2532; x_wconf 89' lang='lat'><strong>).</strong></span> 
     </span>
     <span class='ocr_line' id='line_1_17' title="bbox 206 2559 1618 2656; baseline 0 -22"><span class='ocrx_word' id='word_1_151' title='bbox 206 2560 309 2646; x_wconf 86' lang='lat' dir='ltr'><strong>Quod</strong></span> <span class='ocrx_word' id='word_1_152' title='bbox 322 2561 352 2633; x_wconf 93' lang='lat' dir='ltr'><strong>si</strong></span> <span class='ocrx_word' id='word_1_153' title='bbox 372 2561 448 2635; x_wconf 83' lang='lat' dir='ltr'><strong>dux</strong></span> <span class='ocrx_word' id='word_1_154' title='bbox 470 2561 611 2636; x_wconf 90' lang='lat' dir='ltr'><strong>Polonie</strong></span> <span class='ocrx_word' id='word_1_155' title='bbox 628 2570 774 2636; x_wconf 86' lang='lat' dir='ltr'><strong>vocatus</strong></span> <span class='ocrx_word' id='word_1_156' title='bbox 798 2561 993 2651; x_wconf 88' lang='lat' dir='ltr'><strong>accesserit,</strong></span> <span class='ocrx_word' id='word_1_157' title='bbox 1014 2561 1081 2656; x_wconf 92' lang='lat' dir='ltr'><strong>ipsi</strong></span> <span class='ocrx_word' id='word_1_158' title='bbox 1102 2559 1170 2632; x_wconf 89' lang='lat' dir='ltr'><strong>sibi</strong></span> <span class='ocrx_word' id='word_1_159' title='bbox 1193 2559 1360 2633; x_wconf 87' lang='lat' dir='ltr'><strong>ducatum</strong></span> <span class='ocrx_word' id='word_1_160' title='bbox 1380 2568 1532 2656; x_wconf 89' lang='lat' dir='ltr'><strong>prestare</strong></span> <span class='ocrx_word' id='word_1_161' title='bbox 1556 2560 1618 2634; x_wconf 90' lang='lat' dir='ltr'><strong>de·</strong></span> 
     </span>
     <span class='ocr_line' id='line_1_18' title="bbox 208 2684 1619 2781; baseline 0.002 -25"><span class='ocrx_word' id='word_1_162' title='bbox 208 2685 327 2776; x_wconf 88' lang='lat' dir='ltr'><strong>beant,</strong></span> <span class='ocrx_word' id='word_1_163' title='bbox 354 2687 445 2758; x_wconf 90' lang='lat' dir='ltr'><strong>sicut</strong></span> <span class='ocrx_word' id='word_1_164' title='bbox 468 2697 702 2761; x_wconf 82' lang='lat' dir='ltr'><strong>antecessores</strong></span> <span class='ocrx_word' id='word_1_165' title='bbox 723 2687 779 2760; x_wconf 90' lang='lat' dir='ltr'><strong>sui</strong></span> <span class='ocrx_word' id='word_1_166' title='bbox 801 2686 978 2781; x_wconf 89' lang='lat' dir='ltr'><strong>quondam</strong></span> <span class='ocrx_word' id='word_1_167' title='bbox 1000 2684 1163 2757; x_wconf 89' lang='lat' dir='ltr'><strong>Bohemie</strong></span> <span class='ocrx_word' id='word_1_168' title='bbox 1185 2707 1284 2778; x_wconf 89' lang='lat' dir='ltr'><strong>reges</strong></span> <span class='ocrx_word' id='word_1_169' title='bbox 1304 2685 1414 2757; x_wconf 87' lang='lat' dir='ltr'><strong>lacere</strong></span> <span class='ocrx_word' id='word_1_170' title='bbox 1429 2705 1619 2759; x_wconf 78' lang='lat' dir='ltr'><strong>consueve-</strong></span> 
     </span>
     <span class='ocr_line' id='line_1_19' title="bbox 207 2807 1621 2906; baseline 0.001 -26"><span class='ocrx_word' id='word_1_171' title='bbox 207 2819 300 2894; x_wconf 86' lang='lat' dir='ltr'><strong>runt,</strong></span> <span class='ocrx_word' id='word_1_172' title='bbox 321 2810 372 2882; x_wconf 92' lang='lat' dir='ltr'><strong>sic</strong></span> <span class='ocrx_word' id='word_1_173' title='bbox 397 2821 512 2884; x_wconf 92' lang='lat' dir='ltr'><strong>tamen</strong></span> <span class='ocrx_word' id='word_1_174' title='bbox 540 2821 579 2884; x_wconf 92' lang='lat' dir='ltr'><strong>ut</strong></span> <span class='ocrx_word' id='word_1_175' title='bbox 605 2811 756 2906; x_wconf 89' lang='lat' dir='ltr'><strong>spatium</strong></span> <span class='ocrx_word' id='word_1_176' title='bbox 784 2832 848 2883; x_wconf 81' lang='lat' dir='ltr'><strong>sex</strong></span> <span class='ocrx_word' id='word_1_177' title='bbox 866 2808 1164 2882; x_wconf 88' lang='lat' dir='ltr'><strong>hebdomadarum</strong></span> <span class='ocrx_word' id='word_1_178' title='bbox 1186 2807 1350 2881; x_wconf 88' lang='lat' dir='ltr'><strong>veniendi</strong></span> <span class='ocrx_word' id='word_1_179' title='bbox 1376 2807 1424 2882; x_wconf 92' lang='lat' dir='ltr'><strong>ad</strong></span> <span class='ocrx_word' id='word_1_180' title='bbox 1449 2808 1621 2904; x_wconf 83' lang='lat' dir='ltr'><strong>predictas</strong></span> 
     </span>
     <span class='ocr_line' id='line_1_20' title="bbox 208 2933 1619 3032; baseline 0.002 -28"><span class='ocrx_word' id='word_1_181' title='bbox 208 2934 321 3006; x_wconf 89' lang='lat' dir='ltr'><strong>curias</strong></span> <span class='ocrx_word' id='word_1_182' title='bbox 344 2935 396 3007; x_wconf 87' lang='lat' dir='ltr'><strong>eis</strong></span> <span class='ocrx_word' id='word_1_183' title='bbox 411 2944 493 3009; x_wconf 87' lang='lat' dir='ltr'><strong>ante</strong></span> <span class='ocrx_word' id='word_1_184' title='bbox 509 2933 716 3032; x_wconf 85' lang='lat' dir='ltr'><strong>preligatur;</strong></span> <span class='ocrx_word' id='word_1_185' title='bbox 737 2936 835 3008; x_wconf 87' lang='lat' dir='ltr'><strong>salvo</strong></span> <span class='ocrx_word' id='word_1_186' title='bbox 853 2945 968 3007; x_wconf 69' lang='lat' dir='ltr'><strong>amen</strong></span> <span class='ocrx_word' id='word_1_187' title='bbox 983 2933 1077 3028; x_wconf 94' lang='lat' dir='ltr'><strong>quod</strong></span> <span class='ocrx_word' id='word_1_188' title='bbox 1100 2933 1130 3006; x_wconf 92' lang='lat' dir='ltr'><strong>si</strong></span> <span class='ocrx_word' id='word_1_189' title='bbox 1153 2953 1216 3006; x_wconf 88' lang='lat' dir='ltr'><strong>nos</strong></span> <span class='ocrx_word' id='word_1_190' title='bbox 1233 2933 1291 3005; x_wconf 87' lang='lat' dir='ltr'><strong>rel</strong></span> <span class='ocrx_word' id='word_1_191' title='bbox 1308 2953 1523 3006; x_wconf 89' lang='lat' dir='ltr'><strong>successores</strong></span> <span class='ocrx_word' id='word_1_192' title='bbox 1539 2955 1619 3008; x_wconf 89' lang='lat' dir='ltr'><strong>nos·</strong></span> 
     </span>
     <span class='ocr_line' id='line_1_21' title="bbox 209 3057 1620 3154; baseline 0.004 -26"><span class='ocrx_word' id='word_1_193' title='bbox 209 3068 277 3130; x_wconf 90' lang='lat' dir='ltr'><strong>trne</strong></span> <span class='ocrx_word' id='word_1_194' title='bbox 294 3059 401 3132; x_wconf 84' lang='lat' dir='ltr'><strong>Rome</strong></span> <span class='ocrx_word' id='word_1_195' title='bbox 418 3061 573 3133; x_wconf 86' lang='lat' dir='ltr'><strong>coronari</strong></span> <span class='ocrx_word' id='word_1_196' title='bbox 600 3059 802 3152; x_wconf 88' lang='lat' dir='ltr'><strong>eontigerit,</strong></span> <span class='ocrx_word' id='word_1_197' title='bbox 823 3059 934 3154; x_wconf 92' lang='lat' dir='ltr'><strong>ipsius</strong></span> <span class='ocrx_word' id='word_1_198' title='bbox 952 3057 1097 3154; x_wconf 89' lang='lat' dir='ltr'><strong>predicti</strong></span> <span class='ocrx_word' id='word_1_199' title='bbox 1115 3057 1207 3153; x_wconf 90' lang='lat' dir='ltr'><strong>regis</strong></span> <span class='ocrx_word' id='word_1_200' title='bbox 1224 3057 1372 3130; x_wconf 89' lang='lat' dir='ltr'><strong>Ottooari</strong></span> <span class='ocrx_word' id='word_1_201' title='bbox 1396 3058 1453 3132; x_wconf 89' lang='lat' dir='ltr'><strong>vel</strong></span> <span class='ocrx_word' id='word_1_202' title='bbox 1477 3079 1620 3133; x_wconf 87' lang='lat' dir='ltr'><strong>succes-</strong></span> 
     </span>
     <span class='ocr_line' id='line_1_22' title="bbox 208 3181 1620 3278; baseline 0 -22"><span class='ocrx_word' id='word_1_203' title='bbox 208 3203 325 3256; x_wconf 90' lang='lat' dir='ltr'><strong>sorum</strong></span> <span class='ocrx_word' id='word_1_204' title='bbox 343 3203 486 3256; x_wconf 91' lang='lat' dir='ltr'><strong>suornm</strong></span> <span class='ocrx_word' id='word_1_205' title='bbox 510 3183 737 3278; x_wconf 89' lang='lat' dir='ltr'><strong>relinquimus</strong></span> <span class='ocrx_word' id='word_1_206' title='bbox 759 3181 902 3256; x_wconf 87' lang='lat' dir='ltr'><strong>arbitrio</strong></span> <span class='ocrx_word' id='word_1_207' title='bbox 926 3193 1043 3254; x_wconf 91' lang='lat' dir='ltr'><strong>utrum</strong></span> <span class='ocrx_word' id='word_1_208' title='bbox 1069 3181 1135 3278; x_wconf 91' lang='lat' dir='ltr'><strong>ipsi</strong></span> <span class='ocrx_word' id='word_1_209' title='bbox 1159 3182 1259 3257; x_wconf 93' lang='lat' dir='ltr'><strong>nobis</strong></span> <span class='ocrx_word' id='word_1_210' title='bbox 1281 3192 1450 3257; x_wconf 84' lang='lat' dir='ltr'><strong>trecentos</strong></span> <span class='ocrx_word' id='word_1_211' title='bbox 1471 3195 1620 3258; x_wconf 88' lang='lat' dir='ltr'><strong>armatos</strong></span> 
     </span>
     <span class='ocr_line' id='line_1_23' title="bbox 209 3305 1620 3402; baseline 0.001 -22"><span class='ocrx_word' id='word_1_212' title='bbox 209 3307 440 3380; x_wconf 87' lang='lat' dir='ltr'><strong>transmittant</strong></span> <span class='ocrx_word' id='word_1_213' title='bbox 459 3309 517 3381; x_wconf 87' lang='lat' dir='ltr'><strong>rel</strong></span> <span class='ocrx_word' id='word_1_214' title='bbox 538 3317 708 3382; x_wconf 88' lang='lat' dir='ltr'><strong>trecentas</strong></span> <span class='ocrx_word' id='word_1_215' title='bbox 730 3328 863 3380; x_wconf 87' lang='lat' dir='ltr'><strong>marcas</strong></span> <span class='ocrx_word' id='word_1_216' title='bbox 885 3307 1094 3402; x_wconf 89' lang='lat' dir='ltr'><strong>persolvant.</strong></span> <span class='ocrx_word' id='word_1_217' title='bbox 1113 3305 1170 3380; x_wconf 83' lang='lat' dir='ltr'><strong>Ad</strong></span> <span class='ocrx_word' id='word_1_218' title='bbox 1193 3307 1299 3399; x_wconf 88' lang='lat' dir='ltr'><strong>hujus</strong></span> <span class='ocrx_word' id='word_1_219' title='bbox 1314 3317 1431 3382; x_wconf 87' lang='lat' dir='ltr'><strong>autem</strong></span> <span class='ocrx_word' id='word_1_220' title='bbox 1454 3309 1620 3382; x_wconf 89' lang='lat' dir='ltr'><strong>constitu·</strong></span> 
     </span>
     <span class='ocr_line' id='line_1_24' title="bbox 209 3431 1616 3528; baseline 0.002 -24"><span class='ocrx_word' id='word_1_221' title='bbox 209 3433 311 3506; x_wconf 91' lang='lat' dir='ltr'><strong>tionis</strong></span> <span class='ocrx_word' id='word_1_222' title='bbox 332 3441 367 3506; x_wconf 90' lang='lat' dir='ltr'><strong>et</strong></span> <span class='ocrx_word' id='word_1_223' title='bbox 392 3431 658 3507; x_wconf 86' lang='lat' dir='ltr'><strong>confirmationis</strong></span> <span class='ocrx_word' id='word_1_224' title='bbox 675 3442 791 3506; x_wconf 92' lang='lat' dir='ltr'><strong>nostre</strong></span> <span class='ocrx_word' id='word_1_225' title='bbox 812 3431 1012 3506; x_wconf 90' lang='lat' dir='ltr'><strong>memoriam</strong></span> <span class='ocrx_word' id='word_1_226' title='bbox 1035 3441 1070 3506; x_wconf 92' lang='lat' dir='ltr'><strong>et</strong></span> <span class='ocrx_word' id='word_1_227' title='bbox 1095 3432 1203 3505; x_wconf 91' lang='lat' dir='ltr'><strong>robur</strong></span> <span class='ocrx_word' id='word_1_228' title='bbox 1224 3442 1391 3528; x_wconf 92' lang='lat' dir='ltr'><strong>perpetuo</strong></span> <span class='ocrx_word' id='word_1_229' title='bbox 1413 3433 1616 3526; x_wconf 87' lang='lat' dir='ltr'><strong>valituram,</strong></span> 
     </span>
     <span class='ocr_line' id='line_1_25' title="bbox 210 3555 1619 3654; baseline 0.001 -24"><span class='ocrx_word' id='word_1_230' title='bbox 210 3577 350 3652; x_wconf 84' lang='lat' dir='ltr'><strong>presens</strong></span> <span class='ocrx_word' id='word_1_231' title='bbox 368 3557 588 3654; x_wconf 85' lang='lat' dir='ltr'><strong>privilegium</strong></span> <span class='ocrx_word' id='word_1_232' title='bbox 606 3578 668 3654; x_wconf 91' lang='lat' dir='ltr'><strong>per</strong></span> <span class='ocrx_word' id='word_1_233' title='bbox 684 3579 808 3630; x_wconf 92' lang='lat' dir='ltr'><strong>manus</strong></span> <span class='ocrx_word' id='word_1_234' title='bbox 826 3557 965 3630; x_wconf 82' lang='lat' dir='ltr'><strong>hienrici</strong></span> <span class='ocrx_word' id='word_1_235' title='bbox 982 3555 1029 3630; x_wconf 89' lang='lat' dir='ltr'><strong>de</strong></span> <span class='ocrx_word' id='word_1_236' title='bbox 1043 3555 1181 3630; x_wconf 86' lang='lat' dir='ltr'><strong>Parisiis</strong></span> <span class='ocrx_word' id='word_1_237' title='bbox 1200 3557 1321 3631; x_wconf 89' lang='lat' dir='ltr'><strong>notarii</strong></span> <span class='ocrx_word' id='word_1_238' title='bbox 1336 3567 1372 3632; x_wconf 92' lang='lat' dir='ltr'><strong>et</strong></span> <span class='ocrx_word' id='word_1_239' title='bbox 1388 3556 1501 3632; x_wconf 88' lang='lat' dir='ltr'><strong>fidelis</strong></span> <span class='ocrx_word' id='word_1_240' title='bbox 1514 3559 1619 3633; x_wconf 88' lang='lat' dir='ltr'><strong>nostri</strong></span> 
     </span>
     <span class='ocr_line' id='line_1_26' title="bbox 209 3679 1617 3775; baseline 0.004 -23"><span class='ocrx_word' id='word_1_241' title='bbox 209 3680 314 3753; x_wconf 91' lang='lat' dir='ltr'><strong>scribi</strong></span> <span class='ocrx_word' id='word_1_242' title='bbox 332 3689 367 3752; x_wconf 90' lang='lat' dir='ltr'><strong>et</strong></span> <span class='ocrx_word' id='word_1_243' title='bbox 383 3681 479 3754; x_wconf 91' lang='lat' dir='ltr'><strong>bulla</strong></span> <span class='ocrx_word' id='word_1_244' title='bbox 497 3689 613 3754; x_wconf 90' lang='lat' dir='ltr'><strong>nostru</strong></span> <span class='ocrx_word' id='word_1_245' title='bbox 631 3701 738 3754; x_wconf 82' lang='lat' dir='ltr'><strong>aurea</strong></span> <span class='ocrx_word' id='word_1_246' title='bbox 754 3679 923 3774; x_wconf 88' lang='lat' dir='ltr'><strong>jussimus</strong></span> <span class='ocrx_word' id='word_1_247' title='bbox 943 3679 1166 3772; x_wconf 86' lang='lat' dir='ltr'><strong>communiri,</strong></span> <span class='ocrx_word' id='word_1_248' title='bbox 1187 3701 1292 3775; x_wconf 89' lang='lat' dir='ltr'><strong>anno,</strong></span> <span class='ocrx_word' id='word_1_249' title='bbox 1313 3703 1432 3755; x_wconf 90' lang='lat' dir='ltr'><strong>mense</strong></span> <span class='ocrx_word' id='word_1_250' title='bbox 1451 3690 1486 3755; x_wconf 89' lang='lat' dir='ltr'><strong>et</strong></span> <span class='ocrx_word' id='word_1_251' title='bbox 1510 3681 1617 3757; x_wconf 93' lang='lat' dir='ltr'><strong>indic·</strong></span> 
     </span>
     <span class='ocr_line' id='line_1_27' title="bbox 208 3803 534 3900; baseline 0 -23"><span class='ocrx_word' id='word_1_252' title='bbox 208 3803 302 3878; x_wconf 93' lang='lat' dir='ltr'><strong>tione</strong></span> <span class='ocrx_word' id='word_1_253' title='bbox 319 3803 534 3900; x_wconf 86' lang='lat' dir='ltr'><strong>subscriptis.</strong></span> 
     </span>
    </p>

    <p class='ocr_par' dir='ltr' id='par_1_3' title="bbox 210 3925 1623 4526">
     <span class='ocr_line' id='line_1_28' title="bbox 257 3925 1621 4028; baseline 0.001 -28"><span class='ocrx_word' id='word_1_254' title='bbox 257 3929 369 4022; x_wconf 86' lang='lat' dir='ltr'><strong>Hujus</strong></span> <span class='ocrx_word' id='word_1_255' title='bbox 386 3927 437 4000; x_wconf 91' lang='lat' dir='ltr'><strong>rei</strong></span> <span class='ocrx_word' id='word_1_256' title='bbox 456 3936 558 4002; x_wconf 81' lang='lat' dir='ltr'><strong>testes</strong></span> <span class='ocrx_word' id='word_1_257' title='bbox 575 3935 656 4001; x_wconf 89' lang='lat' dir='ltr'><strong>sunt</strong></span> <span class='ocrx_word' id='word_1_258' title='bbox 676 3927 734 4002; x_wconf 91' lang='lat' dir='ltr'><strong>isti</strong></span> <span class='ocrx_word' id='word_1_259' title='bbox 755 3953 764 4000; x_wconf 73' lang='grc' dir='ltr'><strong>ε</strong></span> <span class='ocrx_word' id='word_1_260' title='bbox 786 3925 1064 4026; x_wconf 86' lang='lat' dir='ltr'><strong>archiepiscopus</strong></span> <span class='ocrx_word' id='word_1_261' title='bbox 1081 3925 1256 4022; x_wconf 60' lang='lat' dir='ltr'><strong>Berensis.</strong></span> <span class='ocrx_word' id='word_1_262' title='bbox 1277 3929 1461 4028; x_wconf 89' lang='lat' dir='ltr'><strong>episcopus</strong></span> <span class='ocrx_word' id='word_1_263' title='bbox 1478 3929 1621 4004; x_wconf 89' lang='lat' dir='ltr'><strong>Triden-</strong></span> 
     </span>
     <span class='ocr_line' id='line_1_29' title="bbox 210 4052 1623 4152; baseline 0 -26"><span class='ocrx_word' id='word_1_264' title='bbox 210 4053 322 4146; x_wconf 88' lang='lat' dir='ltr'><strong>tinus,</strong></span> <span class='ocrx_word' id='word_1_265' title='bbox 353 4052 535 4149; x_wconf 88' lang='lat' dir='ltr'><strong>episcopus</strong></span> <span class='ocrx_word' id='word_1_266' title='bbox 562 4053 776 4145; x_wconf 90' lang='lat' dir='ltr'><strong>Basiliensis,</strong></span> <span class='ocrx_word' id='word_1_267' title='bbox 806 4053 991 4150; x_wconf 85' lang='lat' dir='ltr'><strong>episeopus</strong></span> <span class='ocrx_word' id='word_1_268' title='bbox 1023 4055 1311 4147; x_wconf 84' lang='lat' dir='ltr'><strong>Constantiensis,</strong></span> <span class='ocrx_word' id='word_1_269' title='bbox 1340 4055 1523 4152; x_wconf 90' lang='lat' dir='ltr'><strong>episcopus</strong></span> <span class='ocrx_word' id='word_1_270' title='bbox 1556 4054 1623 4126; x_wconf 91' lang='lat' dir='ltr'><strong>Cu·</strong></span> 
     </span>
     <span class='ocr_line' id='line_1_30' title="bbox 210 4174 1610 4273; baseline 0.001 -24"><span class='ocrx_word' id='word_1_271' title='bbox 210 4176 350 4270; x_wconf 79' lang='lat' dir='ltr'><strong>mensis,</strong></span> <span class='ocrx_word' id='word_1_272' title='bbox 374 4176 483 4250; x_wconf 90' lang='lat' dir='ltr'><strong>abbas</strong></span> <span class='ocrx_word' id='word_1_273' title='bbox 500 4174 687 4272; x_wconf 84' lang='lat' dir='ltr'><strong>Augensis‚</strong></span> <span class='ocrx_word' id='word_1_274' title='bbox 708 4177 818 4250; x_wconf 91' lang='lat' dir='ltr'><strong>abbas</strong></span> <span class='ocrx_word' id='word_1_275' title='bbox 835 4177 950 4250; x_wconf 88' lang='lat' dir='ltr'><strong>Sancti</strong></span> <span class='ocrx_word' id='word_1_276' title='bbox 973 4178 1077 4273; x_wconf 89' lang='lat' dir='ltr'><strong>Galli,</strong></span> <span class='ocrx_word' id='word_1_277' title='bbox 1102 4181 1212 4254; x_wconf 86' lang='lat' dir='ltr'><strong>abbas</strong></span> <span class='ocrx_word' id='word_1_278' title='bbox 1232 4179 1277 4254; x_wconf 93' lang='lat' dir='ltr'><strong>de</strong></span> <span class='ocrx_word' id='word_1_279' title='bbox 1299 4179 1483 4254; x_wconf 81' lang='lat' dir='ltr'><strong>Vicebene</strong></span> <span class='ocrx_word' id='word_1_280' title='bbox 1504 4176 1610 4273; x_wconf 90' lang='lat' dir='ltr'><strong>(Wis-</strong></span> 
     </span>
     <span class='ocr_line' id='line_1_31' title="bbox 211 4301 1619 4402; baseline 0 -26"><span class='ocrx_word' id='word_1_281' title='bbox 211 4301 400 4400; x_wconf 83' lang='lat' dir='ltr'><strong>senburg),</strong></span> <span class='ocrx_word' id='word_1_282' title='bbox 425 4301 632 4376; x_wconf 88' lang='lat' dir='ltr'><strong>Bertboldus</strong></span> <span class='ocrx_word' id='word_1_283' title='bbox 660 4302 705 4376; x_wconf 95' lang='lat' dir='ltr'><strong>de</strong></span> <span class='ocrx_word' id='word_1_284' title='bbox 733 4303 894 4400; x_wconf 88' lang='lat' dir='ltr'><strong>Niuphen</strong></span> <span class='ocrx_word' id='word_1_285' title='bbox 921 4305 1049 4400; x_wconf 89' lang='lat' dir='ltr'><strong>regalis</strong></span> <span class='ocrx_word' id='word_1_286' title='bbox 1079 4307 1174 4379; x_wconf 91' lang='lat' dir='ltr'><strong>curie</strong></span> <span class='ocrx_word' id='word_1_287' title='bbox 1200 4305 1472 4402; x_wconf 89' lang='lat' dir='ltr'><strong>protonotarius,</strong></span> <span class='ocrx_word' id='word_1_288' title='bbox 1506 4325 1619 4378; x_wconf 85' lang='lat' dir='ltr'><strong>comcs</strong></span> 
     </span>
     <span class='ocr_line' id='line_1_32' title="bbox 212 4425 1621 4526; baseline 0.002 -26"><span class='ocrx_word' id='word_1_289' title='bbox 212 4425 347 4500; x_wconf 89' lang='lat' dir='ltr'><strong>Ulricus</strong></span> <span class='ocrx_word' id='word_1_290' title='bbox 374 4425 419 4500; x_wconf 91' lang='lat' dir='ltr'><strong>de</strong></span> <span class='ocrx_word' id='word_1_291' title='bbox 440 4425 615 4522; x_wconf 84' lang='lat' dir='ltr'><strong>Chiburg‚</strong></span> <span class='ocrx_word' id='word_1_292' title='bbox 640 4447 756 4502; x_wconf 90' lang='lat' dir='ltr'><strong>eomes</strong></span> <span class='ocrx_word' id='word_1_293' title='bbox 779 4427 985 4526; x_wconf 83' lang='lat' dir='ltr'><strong>liudolphus</strong></span> <span class='ocrx_word' id='word_1_294' title='bbox 1012 4430 1058 4503; x_wconf 94' lang='lat' dir='ltr'><strong>de</strong></span> <span class='ocrx_word' id='word_1_295' title='bbox 1075 4429 1258 4525; x_wconf 85' lang='lat' dir='ltr'><strong>Habeburg</strong></span> <span class='ocrx_word' id='word_1_296' title='bbox 1274 4439 1308 4502; x_wconf 91' lang='lat' dir='ltr'><strong>et</strong></span> <span class='ocrx_word' id='word_1_297' title='bbox 1325 4427 1549 4522; x_wconf 84' lang='lat' dir='ltr'><strong>landgravius</strong></span> <span class='ocrx_word' id='word_1_298' title='bbox 1575 4427 1621 4503; x_wconf 90' lang='lat' dir='ltr'><strong>de</strong></span> 
     </span>
    </p>
   </div>
   <div class='ocr_carea' id='block_1_3' title="bbox 254 4685 1464 4864">
    <p class='ocr_par' dir='ltr' id='par_1_4' title="bbox 254 4685 1464 4864">
     <span class='ocr_line' id='line_1_33' title="bbox 254 4685 1187 4771; baseline 0.008 -24"><span class='ocrx_word' id='word_1_299' title='bbox 254 4685 296 4766; x_wconf 82' lang='lat' dir='ltr'><strong>(a)</strong></span> <span class='ocrx_word' id='word_1_300' title='bbox 315 4687 397 4750; x_wconf 79' lang='lat' dir='ltr'><strong>llaec</strong></span> <span class='ocrx_word' id='word_1_301' title='bbox 415 4695 542 4767; x_wconf 84' lang='lat' dir='ltr'><strong>quatuor</strong></span> <span class='ocrx_word' id='word_1_302' title='bbox 553 4690 660 4754; x_wconf 78' lang='lat' dir='ltr'><strong>uldma</strong></span> <span class='ocrx_word' id='word_1_303' title='bbox 678 4691 769 4754; x_wconf 85' lang='lat' dir='ltr'><strong>verba</strong></span> <span class='ocrx_word' id='word_1_304' title='bbox 782 4692 861 4771; x_wconf 87' lang='lat' dir='ltr'><strong>apud</strong></span> <span class='ocrx_word' id='word_1_305' title='bbox 880 4690 1055 4755; x_wconf 84' lang='lat' dir='ltr'><strong>Goldnstum</strong></span> <span class='ocrx_word' id='word_1_306' title='bbox 1069 4691 1187 4755; x_wconf 89' lang='lat' dir='ltr'><strong>desunt.</strong></span> 
     </span>
     <span class='ocr_line' id='line_1_34' title="bbox 310 4794 1464 4864; baseline 0.007 -8"><span class='ocrx_word' id='word_1_307' title='bbox 310 4794 338 4858; x_wconf 83' lang='grc' dir='ltr'><strong>Ι.</strong></span> <span class='ocrx_word' id='word_1_308' title='bbox 1427 4812 1464 4864; x_wconf 81' lang='lat' dir='ltr'><strong>ts</strong></span> 
     </span>
    </p>
   </div>
   <div class='ocr_carea' id='block_1_4' title="bbox 0 0 2188 5972">
    <p class='ocr_par' dir='ltr' id='par_1_5' title="bbox 0 0 2188 5972">
     <span class='ocr_line' id='line_1_35' title="bbox 0 0 2188 5972; baseline 0 0"><span class='ocrx_word' id='word_1_309' title='bbox 0 0 2188 5972; x_wconf 95' lang='lat' dir='ltr'><strong> </strong></span> 
     </span>
    </p>
   </div>
  </div>
 </body>
</html>
