<?xml version="1.0" encoding="UTF-8"?>
<!DOCTYPE html PUBLIC "-//W3C//DTD XHTML 1.0 Transitional//EN"
    "http://www.w3.org/TR/xhtml1/DTD/xhtml1-transitional.dtd">
<html xmlns="http://www.w3.org/1999/xhtml" xml:lang="en" lang="en">
 <head>
  <title>
</title>
<meta http-equiv="Content-Type" content="text/html;charset=utf-8" />
  <meta name='ocr-system' content='tesseract 3.04.00' />
  <meta name='ocr-capabilities' content='ocr_page ocr_carea ocr_par ocr_line ocrx_word'/>
</head>
<body>
  <div class='ocr_page' id='page_1' title='image "./historiadiploma06fredgoog_0285.png"; bbox 0 0 4382 5946; ppageno 0'>
   <div class='ocr_carea' id='block_1_1' title="bbox 465 551 1955 2891">
    <p class='ocr_par' dir='ltr' id='par_1_1' title="bbox 465 551 1955 2619">
     <span class='ocr_line' id='line_1_1' title="bbox 545 551 1949 632; baseline -0.001 -19"><span class='ocrx_word' id='word_1_1' title='bbox 545 551 607 613; x_wconf 78' lang='lat'><strong>266</strong></span> <span class='ocrx_word' id='word_1_2' title='bbox 1047 553 1259 614; x_wconf 73' lang='lat' dir='ltr'><strong>ralnssnlcl</strong></span> <span class='ocrx_word' id='word_1_3' title='bbox 1283 553 1454 614; x_wconf 74' lang='lat' dir='ltr'><strong>saetxnl</strong></span> <span class='ocrx_word' id='word_1_4' title='bbox 1767 553 1847 632; x_wconf 75' lang='lat' dir='ltr'><strong>[dn.</strong></span> <span class='ocrx_word' id='word_1_5' title='bbox 1865 553 1949 614; x_wconf 77' lang='lat'>121³.</span> 
     </span>
     <span class='ocr_line' id='line_1_2' title="bbox 548 667 1953 785; baseline -0.002 -23"><span class='ocrx_word' id='word_1_6' title='bbox 548 689 722 762; x_wconf 73' lang='lat' dir='ltr'><strong>commimi</strong></span> <span class='ocrx_word' id='word_1_7' title='bbox 743 691 843 764; x_wconf 89' lang='lat' dir='ltr'><strong>nobis</strong></span> <span class='ocrx_word' id='word_1_8' title='bbox 866 713 949 763; x_wconf 89' lang='lat' dir='ltr'><strong>cura</strong></span> <span class='ocrx_word' id='word_1_9' title='bbox 969 667 1148 785; x_wconf 77' lang='lat' dir='ltr'><strong>regiminis</strong></span> <span class='ocrx_word' id='word_1_10' title='bbox 1169 689 1332 762; x_wconf 83' lang='lat' dir='ltr'><strong>eeclesias</strong></span> <span class='ocrx_word' id='word_1_11' title='bbox 1350 691 1531 763; x_wconf 84' lang='lat' dir='ltr'><strong>universas</strong></span> <span class='ocrx_word' id='word_1_12' title='bbox 1550 697 1586 762; x_wconf 88' lang='lat' dir='ltr'><strong>et</strong></span> <span class='ocrx_word' id='word_1_13' title='bbox 1603 689 1851 762; x_wconf 81' lang='lat' dir='ltr'><strong>eodesiaslicas</strong></span> <span class='ocrx_word' id='word_1_14' title='bbox 1869 711 1953 784; x_wconf 89' lang='lat' dir='ltr'><strong>per-</strong></span> 
     </span>
     <span class='ocr_line' id='line_1_3' title="bbox 465 803 1954 908; baseline -0.001 -24"><span class='ocrx_word' id='word_1_15' title='bbox 465 803 471 812; x_wconf 82' lang='grc'><strong>’</strong></span> <span class='ocrx_word' id='word_1_16' title='bbox 548 833 652 885; x_wconf 84' lang='lat' dir='ltr'><strong>sonas</strong></span> <span class='ocrx_word' id='word_1_17' title='bbox 672 815 770 907; x_wconf 77' lang='lat' dir='ltr'><strong>regui</strong></span> <span class='ocrx_word' id='word_1_18' title='bbox 793 815 900 886; x_wconf 77' lang='lat' dir='ltr'>nostri</span> <span class='ocrx_word' id='word_1_19' title='bbox 922 814 1037 886; x_wconf 79' lang='lat' dir='ltr'><strong>Sicilie</strong></span> <span class='ocrx_word' id='word_1_20' title='bbox 1054 815 1091 885; x_wconf 93' lang='lat' dir='ltr'><strong>in</strong></span> <span class='ocrx_word' id='word_1_21' title='bbox 1108 813 1181 884; x_wconf 89' lang='lat' dir='ltr'><strong>suis</strong></span> <span class='ocrx_word' id='word_1_22' title='bbox 1202 811 1340 904; x_wconf 84' lang='lat' dir='ltr'><strong>juribus</strong></span> <span class='ocrx_word' id='word_1_23' title='bbox 1361 821 1542 908; x_wconf 77' lang='lat' dir='ltr'><strong>pmtegcre</strong></span> <span class='ocrx_word' id='word_1_24' title='bbox 1562 821 1731 904; x_wconf 67' lang='lat' dir='ltr'><strong>musmur,</strong></span> <span class='ocrx_word' id='word_1_25' title='bbox 1751 812 1954 907; x_wconf 80' lang='lat' dir='ltr'><strong>propensius</strong></span> 
     </span>
     <span class='ocr_line' id='line_1_4' title="bbox 547 935 1955 1035; baseline -0.001 -27"><span class='ocrx_word' id='word_1_26' title='bbox 547 947 660 1009; x_wconf 89' lang='lat' dir='ltr'><strong>tamen</strong></span> <span class='ocrx_word' id='word_1_27' title='bbox 690 947 805 1011; x_wconf 87' lang='lat' dir='ltr'><strong>nostru</strong></span> <span class='ocrx_word' id='word_1_28' title='bbox 831 939 968 1035; x_wconf 90' lang='lat' dir='ltr'><strong>propria</strong></span> <span class='ocrx_word' id='word_1_29' title='bbox 993 959 1133 1011; x_wconf 84' lang='lat' dir='ltr'><strong>serrare</strong></span> <span class='ocrx_word' id='word_1_30' title='bbox 1153 935 1334 1010; x_wconf 89' lang='lat' dir='ltr'><strong>debemus.</strong></span> <span class='ocrx_word' id='word_1_31' title='bbox 1359 937 1448 1010; x_wconf 86' lang='lat' dir='ltr'><strong>Hinc</strong></span> <span class='ocrx_word' id='word_1_32' title='bbox 1472 947 1524 1010; x_wconf 78' lang='lat' dir='ltr'><strong>est</strong></span> <span class='ocrx_word' id='word_1_33' title='bbox 1550 937 1648 1032; x_wconf 84' lang='lat' dir='ltr'><strong>quod</strong></span> <span class='ocrx_word' id='word_1_34' title='bbox 1672 957 1751 1008; x_wconf 90' lang='lat' dir='ltr'><strong>cnm</strong></span> <span class='ocrx_word' id='word_1_35' title='bbox 1776 937 1955 1032; x_wconf 73' lang='lat' dir='ltr'>presbyter</span> 
     </span>
     <span class='ocr_line' id='line_1_5' title="bbox 548 1060 1951 1158; baseline 0 -26"><span class='ocrx_word' id='word_1_36' title='bbox 548 1061 668 1132; x_wconf 89' lang='lat' dir='ltr'><strong>Petrus</strong></span> <span class='ocrx_word' id='word_1_37' title='bbox 686 1061 732 1134; x_wconf 89' lang='lat' dir='ltr'><strong>de</strong></span> <span class='ocrx_word' id='word_1_38' title='bbox 746 1061 914 1152; x_wconf 83' lang='lat' dir='ltr'><strong>lloraldo,</strong></span> <span class='ocrx_word' id='word_1_39' title='bbox 932 1062 1132 1158; x_wconf 86' lang='lat' dir='ltr'><strong>capellanus</strong></span> <span class='ocrx_word' id='word_1_40' title='bbox 1153 1060 1298 1134; x_wconf 88' lang='lat' dir='ltr'><strong>ecclesie</strong></span> <span class='ocrx_word' id='word_1_41' title='bbox 1318 1072 1432 1134; x_wconf 86' lang='lat' dir='ltr'><strong>nostre</strong></span> <span class='ocrx_word' id='word_1_42' title='bbox 1454 1061 1537 1134; x_wconf 87' lang='lat' dir='ltr'><strong>dive</strong></span> <span class='ocrx_word' id='word_1_43' title='bbox 1552 1061 1660 1132; x_wconf 84' lang='lat' dir='ltr'><strong>llario</strong></span> <span class='ocrx_word' id='word_1_44' title='bbox 1685 1061 1779 1132; x_wconf 91' lang='lat' dir='ltr'><strong>iulus</strong></span> <span class='ocrx_word' id='word_1_45' title='bbox 1805 1070 1951 1132; x_wconf 72' lang='lat' dir='ltr'><strong>menum</strong></span> 
     </span>
     <span class='ocr_line' id='line_1_6' title="bbox 548 1184 1953 1281; baseline -0.001 -23"><span class='ocrx_word' id='word_1_46' title='bbox 548 1184 697 1258; x_wconf 85' lang='lat' dir='ltr'><strong>civitatis</strong></span> <span class='ocrx_word' id='word_1_47' title='bbox 718 1187 876 1259; x_wconf 85' lang='lat' dir='ltr'><strong>llessane</strong></span> <span class='ocrx_word' id='word_1_48' title='bbox 898 1195 1072 1276; x_wconf 82' lang='lat' dir='ltr'><strong>extructo,</strong></span> <span class='ocrx_word' id='word_1_49' title='bbox 1089 1185 1190 1256; x_wconf 91' lang='lat' dir='ltr'><strong>uobis</strong></span> <span class='ocrx_word' id='word_1_50' title='bbox 1206 1186 1453 1281; x_wconf 78' lang='lat' dir='ltr'><strong>representavit</strong></span> <span class='ocrx_word' id='word_1_51' title='bbox 1477 1185 1575 1280; x_wconf 90' lang='lat' dir='ltr'><strong>quod</strong></span> <span class='ocrx_word' id='word_1_52' title='bbox 1597 1185 1805 1258; x_wconf 83' lang='lat' dir='ltr'><strong>venerabilis</strong></span> <span class='ocrx_word' id='word_1_53' title='bbox 1826 1184 1953 1257; x_wconf 61' lang='lat' dir='ltr'><strong>alcen</strong></span> 
     </span>
     <span class='ocr_line' id='line_1_7' title="bbox 549 1307 1952 1405; baseline 0 -26"><span class='ocrx_word' id='word_1_54' title='bbox 549 1309 665 1381; x_wconf 82' lang='lat' dir='ltr'><strong>nensis</strong></span> <span class='ocrx_word' id='word_1_55' title='bbox 693 1308 972 1405; x_wconf 72' lang='lat' dir='ltr'><strong>archiepiscopus</strong></span> <span class='ocrx_word' id='word_1_56' title='bbox 1000 1310 1145 1402; x_wconf 86' lang='lat' dir='ltr'><strong>ejusque</strong></span> <span class='ocrx_word' id='word_1_57' title='bbox 1170 1309 1324 1380; x_wconf 80' lang='lat' dir='ltr'><strong>vicarius</strong></span> <span class='ocrx_word' id='word_1_58' title='bbox 1347 1311 1534 1404; x_wconf 84' lang='lat' dir='ltr'><strong>generalis,</strong></span> <span class='ocrx_word' id='word_1_59' title='bbox 1552 1331 1622 1382; x_wconf 95' lang='lat' dir='ltr'><strong>non</strong></span> <span class='ocrx_word' id='word_1_60' title='bbox 1639 1307 1823 1382; x_wconf 88' lang='lat' dir='ltr'><strong>advertens</strong></span> <span class='ocrx_word' id='word_1_61' title='bbox 1843 1309 1952 1404; x_wconf 91' lang='lat' dir='ltr'><strong>ipsum</strong></span> 
     </span>
     <span class='ocr_line' id='line_1_8' title="bbox 548 1422 1954 1529; baseline 0.001 -25"><span class='ocrx_word' id='word_1_62' title='bbox 548 1433 787 1529; x_wconf 77' lang='lat' dir='ltr'><strong>presbyterum</strong></span> <span class='ocrx_word' id='word_1_63' title='bbox 809 1435 941 1508; x_wconf 88' lang='lat' dir='ltr'><strong>ratione</strong></span> <span class='ocrx_word' id='word_1_64' title='bbox 964 1434 1057 1506; x_wconf 88' lang='lat' dir='ltr'><strong>dicte</strong></span> <span class='ocrx_word' id='word_1_65' title='bbox 1077 1433 1154 1524; x_wconf 84' lang='lat' dir='ltr'><strong>ejus</strong></span> <span class='ocrx_word' id='word_1_66' title='bbox 1171 1422 1316 1506; x_wconf 73' lang='lat' dir='ltr'><strong>occissis</strong></span> <span class='ocrx_word' id='word_1_67' title='bbox 1335 1435 1404 1506; x_wconf 91' lang='lat' dir='ltr'><strong>snb</strong></span> <span class='ocrx_word' id='word_1_68' title='bbox 1427 1457 1510 1507; x_wconf 88' lang='lat' dir='ltr'><strong>eura</strong></span> <span class='ocrx_word' id='word_1_69' title='bbox 1527 1443 1562 1507; x_wconf 90' lang='lat' dir='ltr'><strong>el</strong></span> <span class='ocrx_word' id='word_1_70' title='bbox 1581 1433 1828 1528; x_wconf 78' lang='lat' dir='ltr'><strong>gubernatione</strong></span> <span class='ocrx_word' id='word_1_71' title='bbox 1845 1455 1954 1506; x_wconf 83' lang='lat' dir='ltr'><strong>rene-</strong></span> 
     </span>
     <span class='ocr_line' id='line_1_9' title="bbox 547 1557 1954 1654; baseline -0.001 -24"><span class='ocrx_word' id='word_1_72' title='bbox 547 1557 666 1631; x_wconf 89' lang='lat' dir='ltr'><strong>rabilis</strong></span> <span class='ocrx_word' id='word_1_73' title='bbox 684 1559 839 1650; x_wconf 76' lang='lat' dir='ltr'><strong>magistri</strong></span> <span class='ocrx_word' id='word_1_74' title='bbox 864 1559 1056 1654; x_wconf 90' lang='lat' dir='ltr'><strong>cappellani</strong></span> <span class='ocrx_word' id='word_1_75' title='bbox 1079 1559 1246 1648; x_wconf 78' lang='lat' dir='ltr'><strong>existere,</strong></span> <span class='ocrx_word' id='word_1_76' title='bbox 1271 1559 1362 1630; x_wconf 89' lang='lat' dir='ltr'><strong>sicot</strong></span> <span class='ocrx_word' id='word_1_77' title='bbox 1384 1559 1487 1632; x_wconf 85' lang='lat' dir='ltr'><strong>ceteri</strong></span> <span class='ocrx_word' id='word_1_78' title='bbox 1508 1557 1700 1654; x_wconf 89' lang='lat' dir='ltr'><strong>cappellani</strong></span> <span class='ocrx_word' id='word_1_79' title='bbox 1716 1557 1861 1630; x_wconf 90' lang='lat' dir='ltr'><strong>aliorum</strong></span> <span class='ocrx_word' id='word_1_80' title='bbox 1878 1577 1954 1629; x_wconf 91' lang='lat' dir='ltr'><strong>cas·</strong></span> 
     </span>
     <span class='ocr_line' id='line_1_10' title="bbox 548 1678 1953 1777; baseline -0.003 -23"><span class='ocrx_word' id='word_1_81' title='bbox 548 1691 678 1754; x_wconf 89' lang='lat' dir='ltr'><strong>trorum</strong></span> <span class='ocrx_word' id='word_1_82' title='bbox 689 1691 884 1754; x_wconf 90' lang='lat' dir='ltr'><strong>nostrorum</strong></span> <span class='ocrx_word' id='word_1_83' title='bbox 897 1682 995 1775; x_wconf 83' lang='lat' dir='ltr'><strong>regni</strong></span> <span class='ocrx_word' id='word_1_84' title='bbox 1008 1682 1136 1768; x_wconf 89' lang='lat' dir='ltr'><strong>Sicilie,</strong></span> <span class='ocrx_word' id='word_1_85' title='bbox 1147 1683 1261 1776; x_wconf 91' lang='lat' dir='ltr'><strong>ipsum</strong></span> <span class='ocrx_word' id='word_1_86' title='bbox 1276 1683 1516 1777; x_wconf 81' lang='lat' dir='ltr'><strong>presbyterum</strong></span> <span class='ocrx_word' id='word_1_87' title='bbox 1532 1681 1568 1752; x_wconf 93' lang='lat' dir='ltr'><strong>in</strong></span> <span class='ocrx_word' id='word_1_88' title='bbox 1586 1703 1651 1752; x_wconf 88' lang='lat' dir='ltr'><strong>sua</strong></span> <span class='ocrx_word' id='word_1_89' title='bbox 1661 1681 1757 1752; x_wconf 86' lang='lat' dir='ltr'><strong>curia</strong></span> <span class='ocrx_word' id='word_1_90' title='bbox 1771 1678 1953 1752; x_wconf 86' lang='lat' dir='ltr'><strong>convenire</strong></span> 
     </span>
     <span class='ocr_line' id='line_1_11' title="bbox 549 1802 1950 1900; baseline -0.006 -23"><span class='ocrx_word' id='word_1_91' title='bbox 549 1807 717 1900; x_wconf 81' lang='lat' dir='ltr'><strong>presumit</strong></span> <span class='ocrx_word' id='word_1_92' title='bbox 733 1807 768 1876; x_wconf 93' lang='lat' dir='ltr'><strong>iu</strong></span> <span class='ocrx_word' id='word_1_93' title='bbox 787 1827 857 1877; x_wconf 93' lang='lat' dir='ltr'><strong>uon</strong></span> <span class='ocrx_word' id='word_1_94' title='bbox 879 1807 1050 1878; x_wconf 87' lang='lat' dir='ltr'><strong>modicam</strong></span> <span class='ocrx_word' id='word_1_95' title='bbox 1071 1806 1178 1877; x_wconf 87' lang='lat' dir='ltr'><strong>nostri</strong></span> <span class='ocrx_word' id='word_1_96' title='bbox 1200 1805 1325 1894; x_wconf 74' lang='lat' dir='ltr'><strong>regalis</strong></span> <span class='ocrx_word' id='word_1_97' title='bbox 1340 1805 1431 1897; x_wconf 84' lang='lat' dir='ltr'><strong>juris</strong></span> <span class='ocrx_word' id='word_1_98' title='bbox 1446 1805 1612 1877; x_wconf 85' lang='lat' dir='ltr'><strong>lesionem</strong></span> <span class='ocrx_word' id='word_1_99' title='bbox 1628 1812 1664 1876; x_wconf 88' lang='lat' dir='ltr'><strong>et</strong></span> <span class='ocrx_word' id='word_1_100' title='bbox 1682 1802 1950 1876; x_wconf 84' lang='lat' dir='ltr'><strong>detrimentum:</strong></span> 
     </span>
     <span class='ocr_line' id='line_1_12' title="bbox 550 1923 1954 2023; baseline -0.005 -24"><span class='ocrx_word' id='word_1_101' title='bbox 550 1949 657 2023; x_wconf 84' lang='lat' dir='ltr'><strong>quare</strong></span> <span class='ocrx_word' id='word_1_102' title='bbox 669 1929 823 2001; x_wconf 87' lang='lat' dir='ltr'><strong>uolentes</strong></span> <span class='ocrx_word' id='word_1_103' title='bbox 838 1937 877 1998; x_wconf 90' lang='lat' dir='ltr'><strong>ut</strong></span> <span class='ocrx_word' id='word_1_104' title='bbox 893 1928 1119 2020; x_wconf 80' lang='lat' dir='ltr'><strong>dignitatibus</strong></span> <span class='ocrx_word' id='word_1_105' title='bbox 1134 1937 1169 1999; x_wconf 88' lang='lat' dir='ltr'><strong>et</strong></span> <span class='ocrx_word' id='word_1_106' title='bbox 1182 1927 1438 2023; x_wconf 86' lang='lat' dir='ltr'><strong>proeminentiis</strong></span> <span class='ocrx_word' id='word_1_107' title='bbox 1450 1927 1574 1999; x_wconf 87' lang='lat' dir='ltr'><strong>nostris</strong></span> <span class='ocrx_word' id='word_1_108' title='bbox 1588 1927 1766 2020; x_wconf 78' lang='lat' dir='ltr'><strong>regalibus</strong></span> <span class='ocrx_word' id='word_1_109' title='bbox 1773 1925 1883 1995; x_wconf 92' lang='lat' dir='ltr'><strong>ullum</strong></span> <span class='ocrx_word' id='word_1_110' title='bbox 1901 1923 1954 1992; x_wconf 92' lang='lat' dir='ltr'><strong>in·</strong></span> 
     </span>
     <span class='ocr_line' id='line_1_13' title="bbox 551 2049 1953 2146; baseline -0.003 -24"><span class='ocrx_word' id='word_1_111' title='bbox 551 2053 680 2124; x_wconf 80' lang='lat' dir='ltr'><strong>leretur</strong></span> <span class='ocrx_word' id='word_1_112' title='bbox 696 2051 927 2146; x_wconf 88' lang='lat' dir='ltr'><strong>prejudicium</strong></span> <span class='ocrx_word' id='word_1_113' title='bbox 944 2053 999 2123; x_wconf 90' lang='lat' dir='ltr'><strong>vel</strong></span> <span class='ocrx_word' id='word_1_114' title='bbox 1015 2051 1111 2141; x_wconf 88' lang='lat' dir='ltr'><strong>lesio,</strong></span> <span class='ocrx_word' id='word_1_115' title='bbox 1124 2051 1217 2123; x_wconf 88' lang='lat' dir='ltr'><strong>dicto</strong></span> <span class='ocrx_word' id='word_1_116' title='bbox 1235 2051 1422 2122; x_wconf 81' lang='lat' dir='ltr'><strong>venerabili</strong></span> <span class='ocrx_word' id='word_1_117' title='bbox 1442 2051 1529 2146; x_wconf 92' lang='lat' dir='ltr'><strong>putri</strong></span> <span class='ocrx_word' id='word_1_118' title='bbox 1543 2049 1800 2144; x_wconf 85' lang='lat' dir='ltr'><strong>archiepiscopo</strong></span> <span class='ocrx_word' id='word_1_119' title='bbox 1813 2049 1953 2141; x_wconf 85' lang='lat' dir='ltr'><strong>ejusque</strong></span> 
     </span>
     <span class='ocr_line' id='line_1_14' title="bbox 552 2173 1953 2270; baseline -0.004 -24"><span class='ocrx_word' id='word_1_120' title='bbox 552 2174 682 2248; x_wconf 71' lang='lat' dir='ltr'><strong>doario</strong></span> <span class='ocrx_word' id='word_1_121' title='bbox 695 2175 846 2268; x_wconf 78' lang='lat' dir='ltr'><strong>generali</strong></span> <span class='ocrx_word' id='word_1_122' title='bbox 863 2175 1055 2268; x_wconf 75' lang='lat' dir='ltr'><strong>oeterisque</strong></span> <span class='ocrx_word' id='word_1_123' title='bbox 1068 2177 1145 2268; x_wconf 86' lang='lat' dir='ltr'><strong>ejus</strong></span> <span class='ocrx_word' id='word_1_124' title='bbox 1158 2175 1363 2248; x_wconf 87' lang='lat' dir='ltr'><strong>officialibus</strong></span> <span class='ocrx_word' id='word_1_125' title='bbox 1376 2173 1584 2248; x_wconf 88' lang='lat' dir='ltr'><strong>mandamus</strong></span> <span class='ocrx_word' id='word_1_126' title='bbox 1597 2183 1633 2247; x_wconf 85' lang='lat' dir='ltr'><strong>et</strong></span> <span class='ocrx_word' id='word_1_127' title='bbox 1645 2173 1856 2270; x_wconf 88' lang='lat' dir='ltr'><strong>precipimus</strong></span> <span class='ocrx_word' id='word_1_128' title='bbox 1871 2193 1953 2266; x_wconf 89' lang='lat' dir='ltr'><strong>qua·</strong></span> 
     </span>
     <span class='ocr_line' id='line_1_15' title="bbox 552 2296 1954 2394; baseline -0.006 -22"><span class='ocrx_word' id='word_1_129' title='bbox 552 2309 652 2372; x_wconf 92' lang='lat' dir='ltr'><strong>tenus</strong></span> <span class='ocrx_word' id='word_1_130' title='bbox 677 2298 833 2394; x_wconf 90' lang='lat' dir='ltr'><strong>predicto</strong></span> <span class='ocrx_word' id='word_1_131' title='bbox 857 2299 1055 2394; x_wconf 80' lang='lat' dir='ltr'><strong>presbytero</strong></span> <span class='ocrx_word' id='word_1_132' title='bbox 1080 2300 1180 2372; x_wconf 85' lang='lat' dir='ltr'><strong>Petro</strong></span> <span class='ocrx_word' id='word_1_133' title='bbox 1201 2299 1393 2372; x_wconf 81' lang='lat' dir='ltr'><strong>ulteriorem</strong></span> <span class='ocrx_word' id='word_1_134' title='bbox 1421 2299 1612 2371; x_wconf 88' lang='lat' dir='ltr'><strong>molestiam</strong></span> <span class='ocrx_word' id='word_1_135' title='bbox 1638 2298 1765 2369; x_wconf 84' lang='lat' dir='ltr'><strong>iuleue</strong></span> <span class='ocrx_word' id='word_1_136' title='bbox 1787 2296 1954 2366; x_wconf 80' lang='lat' dir='ltr'><strong>ullatenus</strong></span> 
     </span>
     <span class='ocr_line' id='line_1_16' title="bbox 551 2421 1952 2518; baseline -0.005 -23"><span class='ocrx_word' id='word_1_137' title='bbox 551 2443 590 2495; x_wconf 89' lang='lat' dir='ltr'><strong>se</strong></span> <span class='ocrx_word' id='word_1_138' title='bbox 604 2423 798 2494; x_wconf 87' lang='lat' dir='ltr'><strong>abstineant</strong></span> <span class='ocrx_word' id='word_1_139' title='bbox 809 2433 844 2494; x_wconf 91' lang='lat' dir='ltr'><strong>et</strong></span> <span class='ocrx_word' id='word_1_140' title='bbox 859 2423 1126 2518; x_wconf 86' lang='lat' dir='ltr'><strong>preemincutius</strong></span> <span class='ocrx_word' id='word_1_141' title='bbox 1142 2433 1272 2494; x_wconf 86' lang='lat' dir='ltr'><strong>nostres</strong></span> <span class='ocrx_word' id='word_1_142' title='bbox 1289 2424 1434 2494; x_wconf 89' lang='lat' dir='ltr'><strong>intactas</strong></span> <span class='ocrx_word' id='word_1_143' title='bbox 1447 2421 1637 2512; x_wconf 85' lang='lat' dir='ltr'><strong>oerveul,si</strong></span> <span class='ocrx_word' id='word_1_144' title='bbox 1647 2421 1790 2514; x_wconf 78' lang='lat' dir='ltr'><strong>gratim</strong></span> <span class='ocrx_word' id='word_1_145' title='bbox 1807 2429 1952 2491; x_wconf 81' lang='lat' dir='ltr'><strong>nostram</strong></span> 
     </span>
     <span class='ocr_line' id='line_1_17' title="bbox 549 2545 821 2619; baseline 0 -1"><span class='ocrx_word' id='word_1_146' title='bbox 549 2567 663 2619; x_wconf 80' lang='lat' dir='ltr'><strong>curam</strong></span> <span class='ocrx_word' id='word_1_147' title='bbox 680 2545 821 2619; x_wconf 88' lang='lat' dir='ltr'><strong>habent.</strong></span> 
     </span>
    </p>

    <p class='ocr_par' dir='ltr' id='par_1_2' title="bbox 550 2666 1952 2891">
     <span class='ocr_line' id='line_1_18' title="bbox 598 2666 1952 2762; baseline -0.004 -18"><span class='ocrx_word' id='word_1_148' title='bbox 598 2671 724 2744; x_wconf 86' lang='lat' dir='ltr'><strong>Datum</strong></span> <span class='ocrx_word' id='word_1_149' title='bbox 751 2672 788 2742; x_wconf 92' lang='lat' dir='ltr'><strong>in</strong></span> <span class='ocrx_word' id='word_1_150' title='bbox 817 2671 957 2744; x_wconf 85' lang='lat' dir='ltr'><strong>civitate</strong></span> <span class='ocrx_word' id='word_1_151' title='bbox 982 2672 1157 2762; x_wconf 79' lang='lat' dir='ltr'><strong>Messene,</strong></span> <span class='ocrx_word' id='word_1_152' title='bbox 1188 2691 1280 2744; x_wconf 90' lang='lat' dir='ltr'><strong>anno</strong></span> <span class='ocrx_word' id='word_1_153' title='bbox 1309 2670 1482 2744; x_wconf 87' lang='lat' dir='ltr'><strong>dominice</strong></span> <span class='ocrx_word' id='word_1_154' title='bbox 1506 2669 1752 2744; x_wconf 86' lang='lat' dir='ltr'><strong>incarnationis</strong></span> <span class='ocrx_word' id='word_1_155' title='bbox 1774 2666 1952 2752; x_wconf 81' lang='lat' dir='ltr'><strong>llccxlll,</strong></span> 
     </span>
     <span class='ocr_line' id='line_1_19' title="bbox 550 2794 1178 2891; baseline 0.002 -26"><span class='ocrx_word' id='word_1_156' title='bbox 550 2815 668 2867; x_wconf 86' lang='lat' dir='ltr'><strong>menso</strong></span> <span class='ocrx_word' id='word_1_157' title='bbox 683 2795 813 2890; x_wconf 78' lang='lat' dir='ltr'><strong>aprilis,</strong></span> <span class='ocrx_word' id='word_1_158' title='bbox 833 2796 944 2891; x_wconf 87' lang='lat' dir='ltr'><strong>prime</strong></span> <span class='ocrx_word' id='word_1_159' title='bbox 964 2794 1178 2867; x_wconf 89' lang='lat' dir='ltr'><strong>indictionis.</strong></span> 
     </span>
    </p>
   </div>
   <div class='ocr_carea' id='block_1_2' title="bbox 461 3355 1956 4138">
    <p class='ocr_par' dir='ltr' id='par_1_3' title="bbox 461 3355 1956 4138">
     <span class='ocr_line' id='line_1_20' title="bbox 473 3355 1956 3474; baseline -0.008 -27"><span class='ocrx_word' id='word_1_160' title='bbox 473 3405 496 3446; x_wconf 76' lang='lat' dir='ltr'><strong>e,</strong></span> <span class='ocrx_word' id='word_1_161' title='bbox 603 3363 799 3474; x_wconf 89' lang='lat' dir='ltr'><strong>Philippus</strong></span> <span class='ocrx_word' id='word_1_162' title='bbox 822 3363 1053 3449; x_wconf 84' lang='lat' dir='ltr'><strong>Francorum</strong></span> <span class='ocrx_word' id='word_1_163' title='bbox 1084 3391 1152 3448; x_wconf 84' lang='lat' dir='ltr'><strong>rex</strong></span> <span class='ocrx_word' id='word_1_164' title='bbox 1181 3365 1342 3448; x_wconf 87' lang='lat' dir='ltr'><strong>Henrico</strong></span> <span class='ocrx_word' id='word_1_165' title='bbox 1373 3363 1462 3446; x_wconf 90' lang='lat' dir='ltr'><strong>duci</strong></span> <span class='ocrx_word' id='word_1_166' title='bbox 1487 3360 1754 3471; x_wconf 79' lang='lat' dir='ltr'><strong>lotharingiae</strong></span> <span class='ocrx_word' id='word_1_167' title='bbox 1779 3355 1956 3468; x_wconf 89' lang='lat' dir='ltr'><strong>promittit</strong></span> 
     </span>
     <span class='ocr_line' id='line_1_21' title="bbox 461 3477 1953 3606; baseline -0.009 -27"><span class='ocrx_word' id='word_1_168' title='bbox 461 3477 468 3490; x_wconf 53' lang='lat'><em>⁶</em></span> <span class='ocrx_word' id='word_1_169' title='bbox 551 3497 654 3606; x_wconf 91' lang='lat' dir='ltr'><strong>quod</strong></span> <span class='ocrx_word' id='word_1_170' title='bbox 673 3497 708 3579; x_wconf 90' lang='lat' dir='ltr'><strong>ei</strong></span> <span class='ocrx_word' id='word_1_171' title='bbox 725 3498 884 3581; x_wconf 77' lang='lat' dir='ltr'><strong>lilerium</strong></span> <span class='ocrx_word' id='word_1_172' title='bbox 902 3497 1021 3580; x_wconf 89' lang='lat' dir='ltr'><strong>filiam</strong></span> <span class='ocrx_word' id='word_1_173' title='bbox 1049 3524 1159 3581; x_wconf 88' lang='lat' dir='ltr'><strong>suum</strong></span> <span class='ocrx_word' id='word_1_174' title='bbox 1185 3497 1292 3582; x_wconf 90' lang='lat' dir='ltr'><strong>dabit</strong></span> <span class='ocrx_word' id='word_1_175' title='bbox 1317 3497 1358 3578; x_wconf 89' lang='lat' dir='ltr'><strong>in</strong></span> <span class='ocrx_word' id='word_1_176' title='bbox 1384 3521 1543 3580; x_wconf 86' lang='lat' dir='ltr'><strong>uxorem</strong></span> <span class='ocrx_word' id='word_1_177' title='bbox 1565 3493 1637 3576; x_wconf 90' lang='lat' dir='ltr'><strong>sub</strong></span> <span class='ocrx_word' id='word_1_178' title='bbox 1654 3501 1756 3576; x_wconf 84' lang='lat' dir='ltr'><strong>certo</strong></span> <span class='ocrx_word' id='word_1_179' title='bbox 1772 3487 1953 3572; x_wconf 88' lang='lat' dir='ltr'><strong>dotalitio.</strong></span> 
     </span>
     <span class='ocr_line' id='line_1_22' title="bbox 550 3625 1956 3742; baseline -0.008 -30"><span class='ocrx_word' id='word_1_180' title='bbox 550 3628 668 3712; x_wconf 77' lang='lat' dir='ltr'><strong>Addit</strong></span> <span class='ocrx_word' id='word_1_181' title='bbox 685 3629 800 3713; x_wconf 90' lang='lat' dir='ltr'><strong>etiam</strong></span> <span class='ocrx_word' id='word_1_182' title='bbox 818 3632 923 3742; x_wconf 90' lang='lat' dir='ltr'><strong>quod</strong></span> <span class='ocrx_word' id='word_1_183' title='bbox 940 3631 1173 3715; x_wconf 87' lang='lat' dir='ltr'><strong>Friderioum</strong></span> <span class='ocrx_word' id='word_1_184' title='bbox 1189 3631 1450 3715; x_wconf 88' lang='lat' dir='ltr'><strong>Romanorum</strong></span> <span class='ocrx_word' id='word_1_185' title='bbox 1473 3653 1604 3738; x_wconf 83' lang='lat' dir='ltr'><strong>regem</strong></span> <span class='ocrx_word' id='word_1_186' title='bbox 1620 3625 1772 3736; x_wconf 76' lang='lat' dir='ltr'><strong>rogabit</strong></span> <span class='ocrx_word' id='word_1_187' title='bbox 1788 3631 1874 3734; x_wconf 90' lang='lat' dir='ltr'><strong>post</strong></span> <span class='ocrx_word' id='word_1_188' title='bbox 1889 3645 1956 3702; x_wconf 83' lang='lat' dir='ltr'><strong>re-</strong></span> 
     </span>
     <span class='ocr_line' id='line_1_23' title="bbox 552 3756 1956 3874; baseline -0.004 -34"><span class='ocrx_word' id='word_1_189' title='bbox 552 3757 675 3842; x_wconf 81' lang='lat' dir='ltr'><strong>ditum</strong></span> <span class='ocrx_word' id='word_1_190' title='bbox 694 3788 807 3844; x_wconf 85' lang='lat' dir='ltr'><strong>suum</strong></span> <span class='ocrx_word' id='word_1_191' title='bbox 824 3764 873 3845; x_wconf 92' lang='lat' dir='ltr'><strong>de</strong></span> <span class='ocrx_word' id='word_1_192' title='bbox 891 3763 1031 3874; x_wconf 79' lang='lat' dir='ltr'><strong>Anglia</strong></span> <span class='ocrx_word' id='word_1_193' title='bbox 1049 3773 1091 3846; x_wconf 92' lang='lat' dir='ltr'><strong>ut</strong></span> <span class='ocrx_word' id='word_1_194' title='bbox 1109 3764 1232 3846; x_wconf 90' lang='lat' dir='ltr'><strong>eidem</strong></span> <span class='ocrx_word' id='word_1_195' title='bbox 1248 3763 1336 3846; x_wconf 91' lang='lat' dir='ltr'><strong>duci</strong></span> <span class='ocrx_word' id='word_1_196' title='bbox 1355 3775 1393 3844; x_wconf 91' lang='lat' dir='ltr'><strong>et</strong></span> <span class='ocrx_word' id='word_1_197' title='bbox 1408 3762 1487 3846; x_wconf 93' lang='lat' dir='ltr'><strong>filio</strong></span> <span class='ocrx_word' id='word_1_198' title='bbox 1508 3759 1591 3870; x_wconf 88' lang='lat' dir='ltr'><strong>ejus</strong></span> <span class='ocrx_word' id='word_1_199' title='bbox 1616 3759 1752 3842; x_wconf 88' lang='lat' dir='ltr'><strong>reddat</strong></span> <span class='ocrx_word' id='word_1_200' title='bbox 1765 3757 1831 3864; x_wconf 84' lang='lat' dir='ltr'><strong>jus</strong></span> <span class='ocrx_word' id='word_1_201' title='bbox 1849 3756 1956 3862; x_wconf 89' lang='lat' dir='ltr'><strong>ipso-</strong></span> 
     </span>
     <span class='ocr_line' id='line_1_24' title="bbox 552 3883 1956 4006; baseline -0.006 -32"><span class='ocrx_word' id='word_1_202' title='bbox 552 3918 640 3975; x_wconf 83' lang='lat' dir='ltr'><strong>rum</strong></span> <span class='ocrx_word' id='word_1_203' title='bbox 658 3893 818 4005; x_wconf 83' lang='lat' dir='ltr'><strong>integre,</strong></span> <span class='ocrx_word' id='word_1_204' title='bbox 829 3922 916 3978; x_wconf 91' lang='lat' dir='ltr'><strong>cum</strong></span> <span class='ocrx_word' id='word_1_205' title='bbox 932 3897 1037 3980; x_wconf 90' lang='lat' dir='ltr'><strong>omui</strong></span> <span class='ocrx_word' id='word_1_206' title='bbox 1055 3923 1100 3979; x_wconf 91' lang='lat' dir='ltr'><strong>eo</strong></span> <span class='ocrx_word' id='word_1_207' title='bbox 1117 3895 1222 4006; x_wconf 89' lang='lat' dir='ltr'><strong>quod</strong></span> <span class='ocrx_word' id='word_1_208' title='bbox 1235 3896 1340 3978; x_wconf 88' lang='lat' dir='ltr'><strong>dedit</strong></span> <span class='ocrx_word' id='word_1_209' title='bbox 1355 3895 1569 4003; x_wconf 88' lang='lat' dir='ltr'><strong>Philippus,</strong></span> <span class='ocrx_word' id='word_1_210' title='bbox 1579 3891 1777 4000; x_wconf 88' lang='lat' dir='ltr'><strong>quondam</strong></span> <span class='ocrx_word' id='word_1_211' title='bbox 1793 3912 1860 3968; x_wconf 84' lang='lat' dir='ltr'><strong>ren</strong></span> <span class='ocrx_word' id='word_1_212' title='bbox 1876 3883 1956 3966; x_wconf 81' lang='lat' dir='ltr'><strong>llo-</strong></span> 
     </span>
     <span class='ocr_line' id='line_1_25' title="bbox 553 4027 1349 4138; baseline 0 -32"><span class='ocrx_word' id='word_1_213' title='bbox 553 4049 773 4134; x_wconf 89' lang='lat' dir='ltr'><strong>manorum,</strong></span> <span class='ocrx_word' id='word_1_214' title='bbox 792 4027 963 4138; x_wconf 88' lang='lat' dir='ltr'><strong>ejusdem</strong></span> <span class='ocrx_word' id='word_1_215' title='bbox 982 4028 1159 4111; x_wconf 88' lang='lat' dir='ltr'><strong>Friderici</strong></span> <span class='ocrx_word' id='word_1_216' title='bbox 1176 4039 1349 4137; x_wconf 88' lang='lat' dir='ltr'><strong>patruos.</strong></span> 
     </span>
    </p>
   </div>
   <div class='ocr_carea' id='block_1_3' title="bbox 630 4233 1954 4431">
    <p class='ocr_par' dir='ltr' id='par_1_4' title="bbox 630 4233 1954 4431">
     <span class='ocr_line' id='line_1_26' title="bbox 630 4233 1954 4326; baseline 0 -18"><span class='ocrx_word' id='word_1_217' title='bbox 630 4243 746 4325; x_wconf 84' lang='lat' dir='ltr'><strong>(Inedll.</strong></span> <span class='ocrx_word' id='word_1_218' title='bbox 763 4264 801 4308; x_wconf 87' lang='lat' dir='ltr'><strong>ex</strong></span> <span class='ocrx_word' id='word_1_219' title='bbox 815 4247 917 4326; x_wconf 86' lang='lat' dir='ltr'><strong>oodlce</strong></span> <span class='ocrx_word' id='word_1_220' title='bbox 930 4257 1025 4322; x_wconf 78' lang='lat' dir='ltr'><strong>eloe,</strong></span> <span class='ocrx_word' id='word_1_221' title='bbox 1039 4248 1119 4309; x_wconf 84' lang='lat' dir='ltr'><strong>dlntn</strong></span> <span class='ocrx_word' id='word_1_222' title='bbox 1134 4243 1320 4308; x_wconf 65' lang='lat' dir='ltr'><strong>etcaduca</strong></span> <span class='ocrx_word' id='word_1_223' title='bbox 1331 4239 1671 4324; x_wconf 59' lang='lat' dir='ltr'><strong>&amp;Pupp-encore,</strong></span> <span class='ocrx_word' id='word_1_224' title='bbox 1689 4239 1721 4297; x_wconf 72' lang='grc' dir='ltr'><strong>ΙΙΙ</strong></span> <span class='ocrx_word' id='word_1_225' title='bbox 1733 4233 1871 4298; x_wconf 63' lang='lat' dir='ltr'><strong>ffilffi·</strong></span> <span class='ocrx_word' id='word_1_226' title='bbox 1884 4234 1954 4308; x_wconf 68' lang='lat' dir='ltr'><strong>ml·</strong></span> 
     </span>
     <span class='ocr_line' id='line_1_27' title="bbox 673 4351 1047 4431; baseline 0 -18"><span class='ocrx_word' id='word_1_227' title='bbox 673 4351 782 4427; x_wconf 70' lang='lat' dir='ltr'><strong>eme,</strong></span> <span class='ocrx_word' id='word_1_228' title='bbox 794 4352 848 4414; x_wconf 82' lang='lat' dir='ltr'><strong>or.</strong></span> <span class='ocrx_word' id='word_1_229' title='bbox 865 4362 918 4414; x_wconf 81' lang='lat' dir='ltr'><strong>m</strong></span> <span class='ocrx_word' id='word_1_230' title='bbox 936 4351 1047 4431; x_wconf 72' lang='lat' dir='ltr'><strong>vem.)</strong></span> 
     </span>
    </p>
   </div>
   <div class='ocr_carea' id='block_1_4' title="bbox 559 4518 1960 4753">
    <p class='ocr_par' dir='ltr' id='par_1_5' title="bbox 559 4518 1960 4753">
     <span class='ocr_line' id='line_1_28' title="bbox 605 4518 1960 4638; baseline -0.018 -24"><span class='ocrx_word' id='word_1_231' title='bbox 605 4541 783 4638; x_wconf 88' lang='lat' dir='ltr'><strong>Philippus</strong></span> <span class='ocrx_word' id='word_1_232' title='bbox 800 4539 863 4612; x_wconf 88' lang='lat' dir='ltr'><strong>Dei</strong></span> <span class='ocrx_word' id='word_1_233' title='bbox 881 4539 990 4634; x_wconf 76' lang='lat' dir='ltr'><strong>gratia</strong></span> <span class='ocrx_word' id='word_1_234' title='bbox 1006 4537 1213 4610; x_wconf 87' lang='lat' dir='ltr'><strong>Fruuoorum</strong></span> <span class='ocrx_word' id='word_1_235' title='bbox 1228 4557 1306 4624; x_wconf 85' lang='lat' dir='ltr'><strong>rex,</strong></span> <span class='ocrx_word' id='word_1_236' title='bbox 1324 4533 1503 4618; x_wconf 86' lang='lat' dir='ltr'><strong>omnibns,</strong></span> <span class='ocrx_word' id='word_1_237' title='bbox 1522 4539 1588 4603; x_wconf 90' lang='lat' dir='ltr'><strong>etc.</strong></span> <span class='ocrx_word' id='word_1_238' title='bbox 1601 4523 1773 4600; x_wconf 83' lang='lat' dir='ltr'><strong>Noveritis</strong></span> <span class='ocrx_word' id='word_1_239' title='bbox 1789 4518 1887 4616; x_wconf 90' lang='lat' dir='ltr'><strong>quod</strong></span> <span class='ocrx_word' id='word_1_240' title='bbox 1902 4535 1960 4588; x_wconf 92' lang='lat' dir='ltr'><strong>nos</strong></span> 
     </span>
     <span class='ocr_line' id='line_1_29' title="bbox 559 4640 1960 4753; baseline -0.02 -15"><span class='ocrx_word' id='word_1_241' title='bbox 559 4665 684 4738; x_wconf 88' lang='lat' dir='ltr'><strong>dilecto</strong></span> <span class='ocrx_word' id='word_1_242' title='bbox 707 4675 741 4738; x_wconf 89' lang='lat' dir='ltr'><strong>et</strong></span> <span class='ocrx_word' id='word_1_243' title='bbox 759 4663 856 4736; x_wconf 88' lang='lat' dir='ltr'><strong>fideli</strong></span> <span class='ocrx_word' id='word_1_244' title='bbox 879 4674 993 4736; x_wconf 90' lang='lat' dir='ltr'><strong>nostro</strong></span> <span class='ocrx_word' id='word_1_245' title='bbox 1015 4665 1059 4734; x_wconf 87' lang='grc' dir='ltr'><strong>Η.</strong></span> <span class='ocrx_word' id='word_1_246' title='bbox 1085 4661 1167 4735; x_wconf 92' lang='lat' dir='ltr'><strong>duci</strong></span> <span class='ocrx_word' id='word_1_247' title='bbox 1192 4659 1407 4753; x_wconf 78' lang='lat' dir='ltr'><strong>lotharingie</strong></span> <span class='ocrx_word' id='word_1_248' title='bbox 1429 4655 1651 4753; x_wconf 87' lang='lat' dir='ltr'><strong>promisimus</strong></span> <span class='ocrx_word' id='word_1_249' title='bbox 1671 4651 1762 4724; x_wconf 85' lang='lat' dir='ltr'><strong>bonu</strong></span> <span class='ocrx_word' id='word_1_250' title='bbox 1783 4644 1854 4718; x_wconf 89' lang='lat' dir='ltr'><strong>lide</strong></span> <span class='ocrx_word' id='word_1_251' title='bbox 1870 4651 1905 4716; x_wconf 91' lang='lat' dir='ltr'><strong>et</strong></span> <span class='ocrx_word' id='word_1_252' title='bbox 1928 4640 1960 4712; x_wconf 90' lang='lat' dir='ltr'><strong>in</strong></span> 
     </span>
    </p>
   </div>
   <div class='ocr_carea' id='block_1_5' title="bbox 0 0 2207 5940">
    <p class='ocr_par' dir='ltr' id='par_1_6' title="bbox 0 0 2207 5940">
     <span class='ocr_line' id='line_1_30' title="bbox 0 0 2207 5940; baseline 0 0"><span class='ocrx_word' id='word_1_253' title='bbox 0 0 2207 5940; x_wconf 95' lang='lat' dir='ltr'><strong> </strong></span> 
     </span>
    </p>
   </div>
  </div>
 </body>
</html>
