4434 5942
305 889 307 894 ,
414 685 1052 882 FRIDERICI
1113 683 1646 878 SECUNDI

704 1094 953 1152 nouandum!
974 1093 1021 1150 ΙΙΤ
1042 1091 1215 1150 slcrulltu
1236 1090 1350 1149 stols

543 1353 914 1476 HISTORIA
960 1348 1507 1470 DlPLOllll'llCll.

800 1738 1251 1771 *—

876 2111 1168 2184 PROOEMIUM.

375 2521 487 2603 Anno
495 2517 677 2604 Moxclv
685 2517 904 2627 imperatrix
912 2517 1157 2624 [Constantia]
1166 2517 1249 2601 Exii
1258 2520 1406 2603 civitate
1414 2519 1603 2604 Marohiae
1612 2518 1734 2602 filium
1767 2548 1927 2648 affre.

320 2654 465 2764 peperit
481 2654 635 2736 nornine
652 2651 912 2756 Frcdericum,
931 2677 1061 2734 menae
1078 2651 1289 2758 decembri,
1309 2654 1349 2734 in
1372 2654 1468 2736 testo
1486 2653 1613 2736 Sancti
1640 2653 1733 2735 Ste-

320 2789 439 2898 phani
461 2787 538 2898 (l).
559 2788 730 2872 chmaor
749 2811 794 2866 un
813 2785 854 2869 S.
877 2786 1051 2870 Gaurano
1070 2784 1342 2894 Glrooic.,·ap.
1364 2785 1571 2892 Munrroru,
1592 2784 1734 2895 Scrip-

356 3111 393 3185 (l)
412 3109 464 3168 Par
476 3110 578 3167 litteras
589 3109 704 3166 insertas
715 3107 744 3164 in
759 3105 898 3180 liudulpho
911 3105 945 3163 de
958 3105 1065 3177 Diosto,
1081 3121 1125 3180 ap.
1143 3107 1203 3164 lter.
1217 3107 1316 3164 From.
1330 3107 1467 3181 scriptor,
1481 3105 1566 3177 XVll,
1582 3107 1645 3178 650,
1658 3105 1734 3164 llen-

320 3209 393 3268 rieus
406 3214 499 3266 saxtrrs
514 3207 662 3282 imperator
677 3210 770 3264 natum
790 3203 843 3262 eibi
865 3203 949 3262 lilium
968 3203 1012 3261 his
1030 3203 1122 3262 verbis
1141 3205 1200 3278 ipse
1218 3203 1398 3278 significarit:
1414 3225 1428 3258 r
1443 3205 1576 3262 llanrious
1588 3206 1636 3263 Dei
1651 3205 1736 3280 gratia

322 3303 531 3362 »Romanarum
543 3303 689 3377 imperator
701 3307 729 3358 sl
742 3317 851 3376 sempor
863 3307 993 3374 augustus
1008 3307 1037 3357 et
1054 3315 1102 3358 rex
1120 3301 1226 3372 Sicilie,
1242 3302 1339 3360 dilecto
1351 3302 1440 3360 amieo
1451 3319 1501 3361 suo
1512 3303 1635 3363 waltero
1648 3304 1734 3364 lioto-

323 3402 471 3476 »magsnsi
483 3401 684 3476 arhiepiscopo
704 3399 817 3457 salutem
837 3405 864 3456 et
884 3398 1061 3456 dilectionem.
1083 3399 1204 3456 Scisntee
1221 3399 1388 3457 honestatem
1402 3406 1478 3456 tuam
1492 3399 1526 3456 de
1539 3400 1735 3474 magnificentie

322 3504 444 3558 arrosus
457 3498 578 3557 leliolbus
593 3497 765 3558 successibus
780 3495 926 3572 plurimum
946 3496 1086 3572 patulmi,
1101 3496 1280 3571 significamus
1294 3499 1448 3556 discretioni
1461 3503 1507 3556 tua
1525 3499 1598 3573 quod
1617 3516 1667 3558 nos
1684 3516 1735 3576 per·

322 3597 400 3656 allai
419 3598 534 3670 gratiam
557 3603 643 3656 utum
665 3612 778 3670 ragnum
804 3596 893 3654 Sicilia
914 3602 944 3654 ot
965 3595 1060 3670 Apulia
1081 3596 1109 3652 ln
1128 3611 1196 3670 pars
1218 3597 1397 3670 possidemus.
1418 3596 1486 3654 Cum
1509 3603 1599 3656 aulem
1623 3599 1733 3673 quidam

321 3699 490 3766 »magnates
501 3693 577 3766 regni
588 3691 635 3766 qui
649 3691 728 3750 nobis
739 3692 806 3750 satis
818 3691 946 3750 annuarii
957 3691 1045 3766 primo
1058 3691 1218 3750 andierunt
1239 3691 1352 3765 gratiam
1373 3697 1494 3750 nostram
1514 3702 1730 3768 recuperassent,

321 3810 335 3846 a
351 3790 403 3866 ipsi
417 3791 589 3865 postmodum
609 3785 751 3848 uelandam
771 3789 951 3864 proditionem
964 3795 1056 3847 contra
1069 3804 1212 3862 personam
1226 3795 1346 3848 nonnam
1357 3790 1500 3850 machinati
1514 3797 1587 3849 sunt.
1603 3794 1657 3854 Sed
1669 3795 1733 3868 quia

321 3907 335 3942 a
350 3886 416 3945 nihil
430 3893 554 3962 opertum
567 3886 640 3960 quod
650 3901 703 3944 non
716 3887 859 3958 revelatur,
873 3885 959 3960 gratia
972 3885 1020 3942 Dei
1033 3885 1149 3959 proditio
1164 3887 1207 3944 illa
1225 3886 1276 3944 luit
1287 3887 1394 3946 &tecta
1407 3894 1435 3946 et
1445 3889 1622 3962 quorumdam
1633 3891 1733 3964 prudi-

253 4049 257 4056 .
321 3991 440 4042 »torum
462 3983 612 4058 proditione
631 3983 815 4054 manifestata3
831 3983 903 4042 unde
925 3999 1019 4042 omnes
1040 3999 1088 4042 eos
1107 3983 1206 4058 pariter
1225 3984 1354 4058 jussimus
1374 3985 1502 4060 captivari
1521 3993 1550 4045 et
1570 3987 1599 4054 in
1620 3988 1733 4048 vinculis

321 4099 335 4132 a
350 4079 473 4136 defined.
486 4080 528 4138 tu
540 4080 617 4152 cujus
629 4086 721 4138 nostro
734 4080 920 4154 prosperitatis
936 4086 1123 4154 augmentum,
1137 4080 1228 4138 divina
1239 4087 1369 4155 operante
1382 4081 1538 4154 clamantia,
1554 4084 1650 4142 dilecta
1665 4075 1733 4142 con·

321 4195 335 4230 a
350 4191 410 4234 sors
422 4182 513 4234 nostra
526 4176 691 4248 Constantia,
705 4177 815 4234 illustris
828 4178 1008 4252 Romanorum
1021 4177 1175 4252 imperatrix
1189 4183 1310 4252 augusta,
1323 4179 1403 4236 indie
1412 4179 1485 4237 beati
1498 4180 1627 4254 Stephani
1640 4188 1731 4254 proto-

321 4291 334 4326 »
351 4274 477 4348 martyris
489 4274 595 4350 peperit
606 4275 685 4332 nobis
703 4273 800 4346 filium;
814 4281 843 4331 tu
857 4275 946 4349 itaque
959 4281 1052 4332 nostro
1061 4275 1219 4347 jocunditati
1231 4276 1419 4351 congaudendo
1432 4277 1467 4334 do
1479 4283 1524 4334 tuo
1539 4283 1567 4334 at
1577 4283 1648 4336 tarra
1660 4285 1733 4338 statu

321 4388 335 4422 a
350 4385 400 4428 nos
413 4371 555 4430 oeniuoes.
568 4373 666 4430 Datum
679 4373 750 4448 apud
764 4375 891 4432 Sanctum
903 4372 1036 4443 Marcum,
1057 4373 1120 4429 xlll
1142 4372 1271 4431 kalendas
1290 4373 1415 4431 lebruarii
1429 4374 1478 4450 (ΙΙ
1488 4376 1594 4448 januar.
1607 4376 1730 4451 4495).»

318 4465 399 4526 Fama
413 4484 477 4526 vero
491 4485 606 4544 puerum
626 4469 708 4528 luisse
728 4470 928 4546 supposititium
942 4470 1105 4544 inpartibus
1124 4470 1297 4530 Alamanniae
1318 4471 1574 4546 septentrionalibus
1586 4474 1730 4536 increbuit.

318 4564 378 4624 llid.
396 4565 521 4626 chronio.
536 4567 673 4642 sompetr.
687 4567 796 4642 Ersort.
810 4583 854 4642 ap.
868 4569 1023 4640 uererer,
1038 4567 1152 4643 Sor-ipa,
1166 4574 1187 4626 t.
1201 4568 1252 4640 111,
1268 4569 1302 4626 ad
1314 4583 1379 4626 ann.
1394 4573 1478 4642 titt,
1494 4577 1523 4628 et
1532 4571 1653 4631 dannan.
1664 4573 1732 4632 Sru·
1813 4599 1817 4606 ·

318 4677 399 4721 nnus.
423 4663 457 4721 ad
475 4679 539 4722 ann.
553 4667 633 4724 ⁴220.
648 4665 700 4735 Qui
718 4665 842 4739 quidem,
859 4672 981 4724 enarrata
994 4681 1105 4740 prorsus
1125 4667 1236 4726 ridicula
1259 4666 1533 4742 demaenetum«
1546 4671 1658 4730 dubium
1672 4689 1732 4732 esse

398 4761 425 4825 Ι.
782 4760 784 4764 ’
1552 4780 1564 4833 r
