4434 5942
510 504 531 567 6
1009 501 1224 564 rttlbltltlcl
1249 502 1424 565 SECUNDl
1581 513 1587 526 '
1731 503 1814 584 [dn.
1833 505 1922 570 llas.

508 638 637 731 vilegio
655 637 848 710 continetur
866 637 962 733 quod
980 636 1062 711 inde
1083 637 1236 727 habetis,
1256 639 1357 711 vobis
1370 647 1405 712 et
1419 637 1550 712 civitati
1576 649 1689 714 vestre
1711 642 1867 716 Messene
1885 643 1923 716 in

509 771 684 858 posterum
708 759 858 834 debeant
880 760 1152 836 observatae
1174 761 1284 854 buJus
1298 762 1668 847 autem'eoncessionis
1684 771 1720 836 et
1741 763 1923 838 confirma·

511 887 613 959 tionis
627 895 743 958 nostre
760 885 960 958 memoriam
976 895 1011 958 et
1025 885 1225 959 inviolabile
1241 884 1507 978 firmamentum,
1528 909 1669 982 presens
1683 887 1766 961 inde
1778 889 1926 984 privile·

509 1010 606 1105 gium
624 1009 793 1090 conscribi
811 1018 845 1081 et
862 1009 974 1104 sigillo
996 1017 1112 1083 nostru
1130 1031 1230 1084 cereo
1243 1011 1412 1103 jussimus
1432 1011 1658 1102 communiri,
1678 1034 1783 1105 anno,
1804 1035 1923 1088 mense

509 1144 544 1207 et
559 1133 750 1208 indictione
768 1133 983 1228 subscriptis.

556 1259 642 1332 Acta
660 1259 696 1330 in
719 1259 858 1330 civitate
876 1258 1051 1349 Messene,
1072 1279 1165 1332 anno
1182 1257 1364 1345 dominice¹
1378 1259 1622 1332 incarnationis
1641 1259 1823 1334 millesimo
1840 1281 1925 1334 een·

508 1384 629 1456 tesimo
654 1381 879 1478 nonagesimo
902 1363 1042 1475 octauo,
1063 1405 1181 1456 mense
1195 1383 1362 1484 januarii,
1382 1383 1493 1479 prime
1510 1383 1727 1475 indictionis,
1758 1395 1923 1480 regnante

507 1507 649 1581 domina
671 1517 787 1578 nostra
809 1505 1011 1580 Constancia
1034 1507 1095 1580 Dei
1120 1505 1230 1602 gretia
1252 1506 1496 1602 gloriosissima
1518 1509 1748 1580 Romanorum
1773 1509 1922 1606 impera·

508 1632 604 1723 trice,
620 1653 756 1726 semper
769 1641 917 1726 augusta
936 1641 969 1704 et
989 1633 1108 1726 regina
1124 1631 1239 1705 Sicilie
1254 1626 1555 1720 excellentissima,
1571 1615 1639 1706 una
1654 1655 1733 1705 cum
1747 1631 1922 1707 Friderico

507 1755 739 1828 Romanorum
761 1763 797 1826 et
818 1753 933 1828 Sicilie
954 1775 1036 1850 rege
1058 1754 1245 1838 carissimo¹
1257 1753 1329 1828 lilio
1348 1756 1425 1848 ejus
1448 1753 1518 1851 (l),
1539 1773 1632 1832 anno
1656 1756 1755 1830 tertio
1775 1753 1848 1852 (c),
1868 1757 1923 1862 fe?

509 1878 632 1952 liciter.

764 2097 1681 2112 mmmm-nm

561 2377 803 2461 Innocentius
825 2375 874 2460 ΙΙΙ
896 2403 996 2488 papa
1018 2377 1231 2462 Sutrinensi
1253 2379 1429 2488 episcopo
1451 2391 1489 2463 et
1509 2377 1638 2462 abbati
1661 2379 1789 2464 Sancti
1807 2379 1921 2464 dna-

509 2511 613 2595 stasii
633 2512 790 2594 mandat
807 2519 851 2594 ut
868 2538 956 2595 cum
965 2509 1122 2622 jusserit
1139 2511 1332 2619 Sibiliam,
1351 2511 1475 2594 filium
1493 2521 1532 2596 et
1547 2511 1646 2596 filies
1664 2511 1747 2622 ejus
1765 2537 1810 2595 ec
1827 2537 1921 2596 cae-

507 2656 608 2730 teros
634 2648 682 2729 dc
708 2671 826 2756 regno
852 2643 1000 2730 Siciliae
1017 2645 1143 2756 quiin
1162 2645 1345 2732 Teutonis
1361 2645 1592 2752 detinentur,
1614 2645 1815 2764 cunculis
1843 2643 1922 2728 ab-

508 2777 618 2884 solvi,
630 2778 670 2860 in
684 2778 897 2862 detentores
910 2804 1044 2862 eorum
1059 2779 1284 2862 senentiam
1297 2779 1699 2862 excommunicationis
1712 2778 1919 2890 proferant.

580 2991 668 3069 OEdlt.
683 2993 716 3052 ln
729 2988 853 3071 Epistol.
868 2993 1014 3053 lanoccnt.
1029 2991 1089 3067 111,
1105 2991 1158 3054 llb.
1173 2993 1206 3066 1,
1220 3009 1270 3070 ap.
1285 2985 1419 3066 Renum,
1434 2999 1458 3054 t.
1475 2994 1506 3069 1,
1520 3009 1552 3071 p.
1569 3001 1620 3072 18,
1635 3003 1668 3054 n·
1682 2991 1747 3071 26.)

560 3180 780 3254 Innocentius
797 3179 862 3276 (2),
881 3189 947 3253 eto.
962 3180 1153 3252 Sutrinensi
1170 3181 1332 3276 episcopo
1345 3189 1380 3254 et
1392 3180 1508 3256 abbati
1523 3181 1638 3253 Sancti
1653 3180 1838 3270 Anasusii,
1853 3189 1919 3252 etc.

510 3305 601 3377 lnter
619 3314 731 3379 cetera
748 3327 818 3399 que
841 3305 1008 3376 Dominus
1023 3305 1059 3375 in
1078 3305 1179 3378 nobis
1194 3304 1395 3378 mirabiliter
1412 3313 1447 3378 et
1464 3303 1729 3378 misericorditer
1745 3312 1919 3400 operatur,

509 3452 635 3524 magne
658 3429 892 3524 reputandum
913 3439 966 3504 est
991 3429 1219 3503 miserationis
1241 3430 1409 3503 indicium
1435 3430 1588 3503 cumeis
1611 3449 1736 3524 penam
1760 3427 1926 3504 accelerat

511 3555 735 3648 temporalem
752 3554 881 3648 quibus
898 3555 984 3626 ultio
1005 3553 1197 3627 debebatur
1212 3564 1348 3645 eterna,
1369 3555 1459 3627 sicut
1474 3554 1511 3625 in
1535 3572 1643 3648 regno
1665 3553 1781 3626 Sicilie
1799 3551 1926 3625 diebus

509 3679 634 3750 nostris
650 3678 875 3773 intelligimus
887 3677 1068 3752 accidisse.
1083 3679 1168 3752 Cum
1181 3680 1275 3754 enim
1286 3679 1401 3753 Sicilie
1412 3679 1563 3775 populus
1577 3687 1612 3751 et
1626 3678 1732 3752 ceteri
1742 3677 1787 3752 de
1800 3676 1924 3752 codem
1991 3703 1998 3716 ·

550 3855 590 3932 (a)
609 3855 732 3916 llectlus
745 3861 844 3916 autem
858 3859 976 3936 prmo.

516 4033 721 4050 ,παι-

542 4146 578 4222 (4)
598 4146 693 4205 denus
706 4145 834 4204 Friderici
849 4146 876 4204 in
894 4146 983 4205 Sicilia
995 4147 1131 4222 regnantis
1149 4147 1186 4204 ibi
1205 4163 1259 4205 non
1276 4147 1445 4221 exprimitur,
1461 4145 1523 4219 quia
1536 4146 1655 4204 nondum
1671 4161 1798 4204 coronam
1812 4143 1925 4204 solemni

506 4263 582 4305 more
593 4251 759 4320 susceperat.
773 4245 803 4300 ln
813 4243 926 4320 privatis
937 4251 1027 4302 mmen
1040 4245 1151 4317 chartis,
1164 4261 1234 4319 quae
1245 4260 1366 4302 mensem
1380 4244 1480 4302 maium
1490 4245 1554 4302 anni
1567 4248 1635 4302 4498
1650 4250 1771 4318 tempore
1783 4247 1922 4318 pmoeuut,

507 4360 594 4405 annus
606 4345 709 4418 primus
721 4341 850 4402 Friderici
859 4345 916 4416 lam
930 4349 995 4400 tunc
1007 4343 1129 4401 adhiberi
1142 4341 1221 4400 solet.

543 4442 580 4515 (2)
599 4441 740 4500 lotharius
752 4441 787 4500 de
799 4441 902 4516 Signia,
920 4441 967 4499 SS.
984 4441 1070 4515 Sergii
1084 4447 1112 4499 et
1124 4439 1222 4498 Bacchi
1235 4439 1365 4498 diaconus
1376 4439 1528 4512 cardinalis,
1545 4438 1598 4496 boo
1609 4455 1679 4497 anno
1697 4438 1799 4498 mensis
1808 4438 1924 4511 januarii

508 4541 553 4598 die
570 4538 701 4598 selectus
721 4546 763 4598 est
783 4539 854 4614 apud
867 4539 1039 4614 Septisolium
1052 4545 1080 4598 et
1100 4539 1145 4597 die
1165 4536 1313 4596 cathedrae
1332 4536 1422 4594 Sanmi
1444 4536 1517 4595 Petri
1541 4539 1592 4608 (22
1610 4534 1751 4611 februarii)
1770 4534 1927 4594 solemniter

508 4644 690 4698 consecratus.
