4334 5980
1037 479 1250 542 FllllilllllCl
1277 481 1451 544 sacuam
1759 481 1845 562 [ilua.
1860 483 1950 546 1212

934 803 1045 866 ANNO
1067 804 1166 868 1212
1184 839 1223 855 -
1244 807 1485 870 lNDlC'llONll
1514 807 1565 870 15.

1125 1021 1366 1048 ss

328 1255 509 1362 {affirm
585 1263 817 1347 Anshelmus
836 1267 895 1371 [dc
912 1266 1121 1379 lustingen]
1140 1293 1365 1378 progressus
1383 1271 1486 1355 venit
1503 1273 1553 1354 ad
1571 1271 1804 1357 Fridericum
1820 1301 1949 1384 regem

533 1395 704 1504 Siciliae,
725 1399 863 1509 vixque
881 1399 1046 1484 obtinuit
1064 1403 1167 1511 apud
1193 1403 1302 1486 illum
1332 1415 1375 1487 ut
1401 1405 1472 1488 iret
1489 1405 1528 1486 in
1549 1403 1831 1490 Alemanniam.
1852 1407 1950 1490 Uxor

531 1557 699 1640 namque
714 1532 834 1640 ipsius
839 1594 989 1616 .....
1010 1535 1222 1644 plurimum
1242 1538 1388 1621 studuit
1405 1565 1495 1622 cum
1516 1565 1693 1623 revocare
1710 1567 1759 1624 ne
1776 1541 1866 1648 iret3
1886 1542 1948 1624 si-

532 1666 671 1748 militer
688 1677 726 1749 et
743 1667 855 1751 multi
873 1679 1043 1778 potentes
1070 1671 1237 1778 Siciliae,
1259 1674 1434 1757 timentes
1461 1674 1610 1759 euenire
1639 1673 1712 1758 sibi
1738 1675 1948 1786 periculum

531 1809 684 1908 propter
714 1799 889 1884 fraudem
921 1803 1236 1888 Alamannorum.
1260 1807 1329 1890 Ast
1346 1808 1427 1916 ipse
1444 1833 1535 1890 cum
1558 1807 1762 1918 parvulum
1789 1807 1872 1918 jam
1901 1835 1947 1892 ex

530 1930 693 2042 conjuge
710 1933 868 2018 haberet
884 1933 1028 2042 filium,
1045 1935 1264 2022 Heinricum
1281 1939 1456 2023 videlicet
1473 1938 1552 2051 (1),
1571 2001 1581 2022 .
1607 2003 1617 2023 .
1642 2001 1652 2020 .
1673 1940 1814 2024 relictis
1833 1967 1948 2025 uxore

531 2072 569 2145 44
589 2062 668 2147 filio
691 2073 728 2147 et
753 2074 874 2172 terra,
897 2067 1054 2150 4444444444
1081 2068 1152 2152 iter
1178 2071 1339 2180 arripuit
1366 2072 1416 2154 ad
1443 2072 1705 2182 accipiendum
1728 2073 1943 2182 imperium.

534 2197 698 2278 donrcdi
719 2205 894 2310 Urspcrp.
916 2200 1105 2301 chronic„
1124 2229 1164 2312 p.
1181 2204 1276 2286 259.

781 2527 1697 2542 mm*—

578 2807 702 2890 Tcnor
716 2807 924 2918 juramenti
943 2808 1170 2894 aFriderico
1183 2835 1273 2921 rege
1290 2809 1440 2893 Siciliae
1452 2808 1670 2894 Innocentio
1683 2779 1944 2921 summo-pon·

357 2927 368 2958 ⁸
444 2929 465 2960 ⁰'
525 2938 616 3022 tilici
634 2941 737 3050 apud
754 2941 970 3026 Messanam
984 2941 1169 3050 praestiti.

606 3157 698 3238 (Edit.
713 3175 763 3236 ap.
779 3159 938 3232 Bmvrun,
949 3155 1060 3219 nonai.
1076 3156 1242 3236 4444444444,
1257 3165 1278 3220 t
1294 3161 1385 3235 xlll,
1400 3177 1431 3238 p.
1448 3169 1518 3234 444,
1532 3159 1571 3222 cd
1583 3177 1654 3222 ann.
1672 3169 1761 3236 4444,
1774 3156 1798 3242 §
1812 3161 1852 3236 1.)

571 3345 645 3439 Ego
669 3343 865 3417 Fridericus
886 3343 948 3416 Dei
978 3343 1088 3438 gratia
1112 3365 1179 3418 rex
1196 3343 1334 3436 Sicilia,
1356 3345 1506 3419 ducatus
1530 3344 1658 3442 Apulie
1679 3353 1715 3418 et
1731 3343 1942 3442 principatus

522 3467 650 3562 Capua,
670 3469 716 3542 ab
732 3468 799 3542 hac
822 3469 905 3542 hora
926 3479 961 3543 et
978 3469 1142 3566 deinceps
1161 3491 1220 3542 cro
1238 3469 1350 3543 fidelis
1370 3471 1473 3544 Beato
1491 3471 1590 3544 Petro
1608 3479 1643 3543 44
1656 3477 1774 3542 sancte
1793 3469 1944 3542 Romans

522 3593 674 3665 Ecclesia
696 3613 739 3664 ac
763 3592 826 3664 tibi
853 3591 995 3666 domino
1014 3614 1092 3667 mco
1114 3615 1204 3690 papo
1226 3593 1423 3668 Innocentio
1443 3594 1583 3690 tuisque
1601 3592 1777 3667 catholicis
1798 3615 1943 3665 succos-

521 3713 767 3814 soribusSNou
788 3739 847 3790 cro
871 3717 908 3789 iu
931 3717 1075 3791 consilio
1096 3719 1154 3793 vel
1173 3740 1344 3792 consensu
1368 3721 1424 3794 vel
1450 3719 1539 3793 facto
1563 3727 1602 3792 ut
1619 3719 1728 3790 vitam
1745 3726 1807 3790 aut
1827 3738 1945 3790 mem-

558 4027 594 4102 (4)
617 4027 689 4086 44444
702 4040 757 4082 nou
770 4024 806 4082 sit
819 4023 889 4083 banc
903 4030 1069 4100 compartum
1080 4040 1134 4100 qino
1148 4039 1253 4098 manso,
1262 4041 1317 4100 quo
1325 4026 1370 4084 dis
1378 4025 1530 4085 Fridericus
1545 4025 1752 4102 primogenitum
1765 4040 1845 4084 suum
1861 4023 1945 4082 filium

521 4125 655 4196 habuerit,
668 4139 723 4182 non
737 4128 828 4181 444444
839 4123 1019 4181 dubitandum
1030 4129 1074 4182 cst
1085 4123 1151 4198 quin
1162 4121 1302 4182 llciuricus
1310 4123 1362 4183 hoc
1374 4140 1447 4183 anno
1458 4127 1528 4184 4242
1542 4125 1652 4183 incunte
1661 4129 1741 4182 natus
1750 4123 1839 4180 luerit.
1846 4122 1945 4182 Conm-

521 4225 572 4282 dus
586 4223 658 4281 caim
669 4221 875 4296 Urspcrgcnsis,
890 4221 1006 4295 scriptor
1017 4236 1147 4294 macrus,
1160 4221 1195 4279 ad
1208 4237 1272 4279 ann.
1286 4225 1351 4283 4224
1371 4222 1526 4281 llaiuricam
1543 4227 1605 4280 octo
1619 4237 1707 4280 annos
1714 4221 1770 4295 44444
1786 4220 1875 4294 egisse
1886 4227 1946 4278 tes-

522 4329 602 4379 tatur.
620 4319 727 4378 Scimus
748 4325 887 4393 practerea
909 4317 1038 4376 infantam
1056 4317 1137 4391 paulo
1154 4323 1217 4376 anta
1237 4319 1323 4392 patris
1342 4319 1505 4392 discessum,
1526 4317 1652 4376 videlicet
1670 4318 1742 4376 circa
1764 4315 1944 4388 sebrandum,

522 4434 614 4493 ragam
627 4417 733 4477 Siciliae
747 4416 871 4474 Panormi
886 4415 968 4474 444444
980 4421 1152 4488 coronatum,
1167 4415 1253 4486 sicut,
1268 4423 1373 4490 practer
1385 4417 1528 4491 epistolam
1541 4431 1557 4474 a
1571 4415 1705 4474 Fridaricc
1717 4415 1946 4491 papccdirectam

524 4517 568 4590 (44
583 4515 651 4574 iabr.
668 4514 759 4588 42244),
772 4529 822 4573 nos
833 4529 941 4590 quoquc
952 4520 1062 4572 mouent
1078 4513 1161 4588 hujus
1178 4513 1299 4588 epochas
1317 4515 1495 4574 imuumenta
1509 4515 1537 4573 iu
1553 4513 1652 4590 quibus
1663 4513 1727 4573 anni
1738 4513 1813 4588 regni
1827 4513 1945 4571 Heinrici

522 4612 550 4670 in
563 4613 654 4672 Sicilia
663 4617 791 4670 accurata
804 4617 987 4670 numerantur.
