4334 5980
546 545 606 606 256
1045 547 1258 608 bolonitici
1282 547 1458 610 SECUND!
1767 554 1850 638 [An.
1868 559 1952 622 121³.

546 679 679 774 aliquid
693 679 947 774 attemptaverit
966 681 1025 774 [et]
1039 680 1246 773 jamdictum
1263 685 1512 758 monasterium
1523 686 1560 758 iu
1576 688 1731 783 personis
1748 690 1806 764 vol
1821 711 1953 786 posses

547 803 716 893 sionibus,
734 803 770 876 iu
785 803 890 877 rebus
910 805 1095 879 mobilibus
1113 807 1170 880 vel
1189 808 1436 903 immobilibus,
1458 821 1571 906 preter
1587 813 1766 905 justicium
1784 815 1951 912 iuquieta-

548 927 655 1018 verit,
677 927 925 1022 indignationis
937 938 1054 1002 uostre
1063 931 1255 1026 periculum
1265 954 1304 1006 sc
1321 953 1392 1007 nou
1408 934 1543 1008 dubitet
1556 936 1757 1012 iucurrisse.

594 1053 680 1124 Data
707 1051 802 1146 apud
826 1051 1039 1146 Augustam,
1063 1055 1111 1126 XI
1134 1055 1300 1132 kalendas
1327 1059 1465 1154 aprilis,
1493 1059 1682 1135 indictione
1705 1061 1839 1158 pdmn,
1863 1085 1952 1139 anuo

546 1176 644 1271 regui
662 1176 768 1249 nostri
785 1177 927 1250 Romani
942 1178 1066 1274 primo.

792 1467 1712 1486 mmm-Q

364 1709 499 1818 „23:21,
598 1707 833 1816 Fridcricus,
854 1709 1112 1794 Romanorum
1130 1737 1217 1818 rex,
1236 1709 1457 1796 Eberhardo
1476 1713 1756 1825 archiepiscopo
1773 1715 1953 1800 Salzbur-

372 1818 489 1860 '‘²¹²¹'‘ffl'
547 1842 654 1950 gensi
672 1853 709 1924 et
727 1843 1007 1926 successoribus
1025 1843 1107 1954 ejus
1124 1845 1293 1954 resignat
1310 1845 1493 1958 quicquid
1517 1847 1556 1928 in
1584 1849 1778 1958 provincia
1795 1849 1952 1960 Longon

548 1973 597 2056 ad
616 2000 656 2056 se
669 1985 707 2057 et
725 1977 774 2058 od
792 1975 993 2086 imperinm
1011 1977 1235 2086 pertinebat.

629 2191 796 2271 (Memorat.
811 2209 860 2272 up.
874 2191 1248 2270 nummulatriam.
1264 2195 1464 2272 minutula,
1476 2211 1508 2274 p.
1518 2195 1599 2272 aas.)

592 2381 718 2452 Datum
734 2379 830 2476 apud
849 2380 1062 2476 Augustum,
1084 2383 1131 2454 Xl
1154 2381 1320 2455 lralendus
1341 2383 1477 2478 aprilis,
1498 2403 1590 2455 anno
1608 2381 1781 2456 dominice
1796 2381 1950 2456 iucarna-

545 2505 648 2578 tionis
662 2506 708 2577 Μ.
727 2505 787 2577 CC.
806 2506 883 2578 Xll.

349 3033 509 3136 stillim,
597 3030 832 3132 Fridericus,
853 3027 1113 3111 Romanorum
1139 3051 1226 3132 rex,
1254 3025 1433 3108 eeclesiae
1459 3023 1727 3136 Solzbnrgensi
1751 3039 1949 3112 monaste-

371 3141 487 3184 Μ’
544 3165 645 3249 mum
664 3161 1010 3246 sanctimonialium
1024 3161 1064 3240 in
1080 3159 1274 3242 Cbiemsee
1291 3157 1512 3265 coufirmat,
1531 3169 1570 3242 et
1586 3159 1808 3243 Eberhardo
1826 3159 1951 3244 urbi-

544 3299 719 3410 episcopo
737 3295 928 3406 indulget,
944 3305 987 3378 ut
1004 3293 1262 3402 episcopatum
1280 3291 1333 3374 ibi
1350 3291 1490 3402 eriget,
1510 3291 1578 3402 qui
1596 3291 1687 3376 solis
1705 3292 1950 3403 archiepisco-

545 3435 604 3545 pis
622 3428 963 3542 Salzhurgensibus
981 3425 1186 3536 subjaceat.

623 3649 760 3728 (Editum
779 3664 827 3726 ap.
848 3647 976 3708 liceum
994 3645 1095 3720 Buca,
1115 3650 1188 3706 tun.
1203 3643 1306 3720 xllx,
1320 3660 1352 3722 p.
1370 3651 1473 3718 tt-tt,
1486 3651 1520 3704 u·
1533 3641 1637 3722 new,
1651 3659 1690 3704 ex
1709 3643 1861 3722 orlgiuull,
1875 3644 1952 3706 uude

665 3756 794 3834 sigillum
807 3754 867 3814 lare
880 3753 1030 3827 llluesum,
1045 3753 1155 3830 optimc
1168 3756 1268 3812 autam
1282 3765 1466 3830 expressum,
1480 3749 1626 3828 appendet
1638 3766 1676 3809 ex
1689 3748 1748 3811 lilla
1759 3752 1860 3811 serios
1873 3749 1952 3812 rubri

666 3864 729 3923 sire
741 3863 839 3938 potius
852 3861 991 3938 purpurcl
1004 3865 1034 3919 ct
1047 3859 1150 3919 ulrldls
1163 3853 1292 3936 coloris.)

592 4045 787 4121 innomine
806 4051 922 4118 sancta
942 4052 978 4116 et
1001 4041 1183 4116 individue
1204 4041 1389 4114 Trinitatis.
1409 4040 1531 4115 Amen.
1552 4041 1748 4116 Fridericus
1761 4043 1826 4116 Dei
1844 4043 1952 4138 gratia

542 4175 773 4246 llomuuorum
791 4189 855 4242 rex
872 4177 906 4241 et
924 4179 1060 4264 semper
1076 4175 1244 4262 augustus
1269 4176 1305 4239 et
1329 4187 1394 4238 rex
1417 4165 1545 4240 Sicilie
1566 4167 1738 4252 Quoniam
1759 4167 1901 4263 regibus
1916 4179 1953 4241 et

543 4295 757 4394 principibus
773 4293 942 4366 Dominus
959 4293 994 4364 in
1016 4291 1084 4364 boc
1107 4289 1240 4364 mundo
1261 4311 1325 4386 pre
1340 4289 1462 4362 ceteris
1478 4289 1700 4364 eminentium
1714 4292 1874 4384 contulit,
1895 4291 1950 4365 di·

542 4442 651 4515 gnum
669 4428 721 4494 est
737 4427 828 4492 utet
842 4418 908 4514 ipsi
925 4417 1014 4490 circa
1038 4437 1080 4490 ea
1100 4417 1136 4488 in
1157 4415 1285 4509 quibus
1301 4415 1468 4488 bonorem
1486 4415 1623 4487 Ilomini
1641 4415 1807 4512 ampliare
1827 4425 1949 4512 potue-

543 4545 627 4636 rint,
652 4551 794 4638 accepta
819 4543 864 4615 ab
887 4562 930 4616 eo
954 4561 1097 4614 munera
1119 4549 1375 4632 recognoscam.
1402 4537 1458 4613 Ad
1477 4539 1676 4634 petitionem
1706 4539 1812 4635 igitur
1832 4539 1948 4614 dilecti

542 4667 705 4764 principis
719 4667 825 4741 nostri
841 4664 1032 4740 Eberhardi
1050 4665 1305 4758 salzburgensis
1323 4661 1589 4760 archiepiscopi,
1609 4663 1789 4760 privilegiu
1807 4665 1949 4740 ecclesie
