<?xml version="1.0" encoding="UTF-8"?>
<!DOCTYPE html PUBLIC "-//W3C//DTD XHTML 1.0 Transitional//EN"
    "http://www.w3.org/TR/xhtml1/DTD/xhtml1-transitional.dtd">
<html xmlns="http://www.w3.org/1999/xhtml" xml:lang="en" lang="en">
 <head>
  <title>
</title>
<meta http-equiv="Content-Type" content="text/html;charset=utf-8" />
  <meta name='ocr-system' content='tesseract 3.04.00' />
  <meta name='ocr-capabilities' content='ocr_page ocr_carea ocr_par ocr_line ocrx_word'/>
</head>
<body>
  <div class='ocr_page' id='page_1' title='image "./historiadiploma06fredgoog_0036.png"; bbox 0 0 4434 5942; ppageno 0'>
   <div class='ocr_carea' id='block_1_1' title="bbox 259 559 1223 644">
    <p class='ocr_par' dir='ltr' id='par_1_1' title="bbox 259 559 1223 644">
     <span class='ocr_line' id='line_1_1' title="bbox 259 559 1223 644; baseline -0.006 -16"><span class='ocrx_word' id='word_1_1' title='bbox 259 567 356 628; x_wconf 72' lang='lat' dir='ltr'><strong>leuce</strong></span> <span class='ocrx_word' id='word_1_2' title='bbox 372 565 418 644; x_wconf 74' lang='lat'><strong>2]</strong></span> <span class='ocrx_word' id='word_1_3' title='bbox 712 559 908 624; x_wconf 79' lang='lat' dir='ltr'>HISTORIA</span> <span class='ocrx_word' id='word_1_4' title='bbox 933 559 1223 624; x_wconf 62' lang='lat' dir='ltr'><strong>alphabetico</strong></span> 
     </span>
    </p>
   </div>
   <div class='ocr_carea' id='block_1_2' title="bbox 949 865 976 936">
    <p class='ocr_par' dir='ltr' id='par_1_2' title="bbox 949 865 976 936">
     <span class='ocr_line' id='line_1_2' title="bbox 949 865 976 936; baseline 0 0"><span class='ocrx_word' id='word_1_5' title='bbox 949 865 976 936; x_wconf 93' lang='lat'><strong>1.</strong></span> 
     </span>
    </p>
   </div>
   <div class='ocr_carea' id='block_1_3' title="bbox 261 1067 1674 1790">
    <p class='ocr_par' dir='ltr' id='par_1_3' title="bbox 261 1067 1674 1790">
     <span class='ocr_line' id='line_1_3' title="bbox 309 1067 1670 1164; baseline -0.003 -18"><span class='ocrx_word' id='word_1_6' title='bbox 309 1072 542 1160; x_wconf 85' lang='lat' dir='ltr'><strong>Innocentius,</strong></span> <span class='ocrx_word' id='word_1_7' title='bbox 559 1091 681 1145; x_wconf 77' lang='lat' dir='ltr'><strong>servm</strong></span> <span class='ocrx_word' id='word_1_8' title='bbox 696 1091 876 1144; x_wconf 89' lang='lat' dir='ltr'><strong>servorum</strong></span> <span class='ocrx_word' id='word_1_9' title='bbox 885 1070 968 1162; x_wconf 87' lang='lat' dir='ltr'><strong>Dei,</strong></span> <span class='ocrx_word' id='word_1_10' title='bbox 983 1079 1067 1160; x_wconf 78' lang='lat' dir='ltr'><strong>atu,</strong></span> <span class='ocrx_word' id='word_1_11' title='bbox 1085 1069 1281 1144; x_wconf 86' lang='lat' dir='ltr'><strong>Constantia</strong></span> <span class='ocrx_word' id='word_1_12' title='bbox 1294 1067 1503 1164; x_wconf 80' lang='lat' dir='ltr'><strong>imperatrici</strong></span> <span class='ocrx_word' id='word_1_13' title='bbox 1523 1067 1670 1163; x_wconf 81' lang='lat' dir='ltr'><strong>gloriose</strong></span> 
     </span>
     <span class='ocr_line' id='line_1_4' title="bbox 261 1193 1672 1295; baseline -0.004 -25"><span class='ocrx_word' id='word_1_14' title='bbox 261 1201 380 1295; x_wconf 74' lang='lat' dir='ltr'><strong>regina</strong></span> <span class='ocrx_word' id='word_1_15' title='bbox 400 1197 516 1272; x_wconf 81' lang='lat' dir='ltr'><strong>Sicilie</strong></span> <span class='ocrx_word' id='word_1_16' title='bbox 539 1218 581 1269; x_wconf 89' lang='lat' dir='ltr'><strong>ac</strong></span> <span class='ocrx_word' id='word_1_17' title='bbox 604 1195 782 1270; x_wconf 89' lang='lat' dir='ltr'><strong>carissimo</strong></span> <span class='ocrx_word' id='word_1_18' title='bbox 805 1195 877 1269; x_wconf 87' lang='lat' dir='ltr'><strong>filio</strong></span> <span class='ocrx_word' id='word_1_19' title='bbox 903 1195 1076 1270; x_wconf 81' lang='lat' dir='ltr'><strong>Eriderico</strong></span> <span class='ocrx_word' id='word_1_20' title='bbox 1102 1194 1225 1266; x_wconf 78' lang='lat' dir='ltr'><strong>illustri</strong></span> <span class='ocrx_word' id='word_1_21' title='bbox 1247 1193 1320 1288; x_wconf 80' lang='lat' dir='ltr'><strong>regi</strong></span> <span class='ocrx_word' id='word_1_22' title='bbox 1342 1193 1458 1266; x_wconf 90' lang='lat' dir='ltr'><strong>Sicilie</strong></span> <span class='ocrx_word' id='word_1_23' title='bbox 1481 1213 1672 1287; x_wconf 89' lang='lat' dir='ltr'><strong>eorumque</strong></span> 
     </span>
     <span class='ocr_line' id='line_1_5' title="bbox 262 1316 1672 1416; baseline -0.006 -20"><span class='ocrx_word' id='word_1_24' title='bbox 262 1323 451 1397; x_wconf 88' lang='lat' dir='ltr'><strong>heredibus</strong></span> <span class='ocrx_word' id='word_1_25' title='bbox 468 1322 752 1416; x_wconf 87' lang='lat' dir='ltr'><strong>inperpetuum,</strong></span> <span class='ocrx_word' id='word_1_26' title='bbox 778 1329 845 1394; x_wconf 88' lang='lat' dir='ltr'><strong>etc.</strong></span> <span class='ocrx_word' id='word_1_27' title='bbox 871 1323 982 1414; x_wconf 89' lang='lat' dir='ltr'><strong>Super</strong></span> <span class='ocrx_word' id='word_1_28' title='bbox 1003 1329 1123 1414; x_wconf 72' lang='lat' dir='ltr'><strong>genws</strong></span> <span class='ocrx_word' id='word_1_29' title='bbox 1141 1329 1176 1392; x_wconf 91' lang='lat' dir='ltr'><strong>et</strong></span> <span class='ocrx_word' id='word_1_30' title='bbox 1193 1340 1300 1413; x_wconf 76' lang='lat' dir='ltr'><strong>regna</strong></span> <span class='ocrx_word' id='word_1_31' title='bbox 1315 1317 1436 1392; x_wconf 88' lang='lat' dir='ltr'><strong>diviua</strong></span> <span class='ocrx_word' id='word_1_32' title='bbox 1455 1316 1672 1412; x_wconf 88' lang='lat' dir='ltr'><strong>providentia</strong></span> 
     </span>
     <span class='ocr_line' id='line_1_6' title="bbox 263 1440 1671 1538; baseline -0.006 -16"><span class='ocrx_word' id='word_1_33' title='bbox 263 1447 439 1522; x_wconf 88' lang='lat' dir='ltr'><strong>constituti</strong></span> <span class='ocrx_word' id='word_1_34' title='bbox 455 1455 494 1520; x_wconf 93' lang='lat' dir='ltr'><strong>ut</strong></span> <span class='ocrx_word' id='word_1_35' title='bbox 506 1445 696 1520; x_wconf 79' lang='lat' dir='ltr'><strong>evellamus</strong></span> <span class='ocrx_word' id='word_1_36' title='bbox 708 1445 817 1519; x_wconf 87' lang='lat' dir='ltr'><strong>noxia</strong></span> <span class='ocrx_word' id='word_1_37' title='bbox 832 1454 866 1518; x_wconf 92' lang='lat' dir='ltr'><strong>et</strong></span> <span class='ocrx_word' id='word_1_38' title='bbox 880 1443 1035 1518; x_wconf 89' lang='lat' dir='ltr'><strong>salubria</strong></span> <span class='ocrx_word' id='word_1_39' title='bbox 1050 1466 1131 1516; x_wconf 88' lang='lat' dir='ltr'><strong>cum</strong></span> <span class='ocrx_word' id='word_1_40' title='bbox 1145 1443 1313 1538; x_wconf 89' lang='lat' dir='ltr'><strong>propbeta</strong></span> <span class='ocrx_word' id='word_1_41' title='bbox 1326 1443 1534 1538; x_wconf 75' lang='lat' dir='ltr'><strong>plantemus,</strong></span> <span class='ocrx_word' id='word_1_42' title='bbox 1556 1441 1606 1514; x_wconf 92' lang='lat' dir='ltr'><strong>sic</strong></span> <span class='ocrx_word' id='word_1_43' title='bbox 1623 1440 1671 1515; x_wconf 88' lang='lat' dir='ltr'><strong>ad</strong></span> 
     </span>
     <span class='ocr_line' id='line_1_7' title="bbox 264 1567 1674 1667; baseline -0.006 -20"><span class='ocrx_word' id='word_1_44' title='bbox 264 1573 445 1647; x_wconf 87' lang='lat' dir='ltr'><strong>universas</strong></span> <span class='ocrx_word' id='word_1_45' title='bbox 462 1571 658 1667; x_wconf 86' lang='lat' dir='ltr'><strong>provincias</strong></span> <span class='ocrx_word' id='word_1_46' title='bbox 677 1579 793 1644; x_wconf 89' lang='lat' dir='ltr'><strong>nostre</strong></span> <span class='ocrx_word' id='word_1_47' title='bbox 817 1569 1100 1645; x_wconf 90' lang='lat' dir='ltr'><strong>considerationis</strong></span> <span class='ocrx_word' id='word_1_48' title='bbox 1122 1569 1232 1642; x_wconf 90' lang='lat' dir='ltr'><strong>aciem</strong></span> <span class='ocrx_word' id='word_1_49' title='bbox 1252 1567 1442 1641; x_wconf 87' lang='lat' dir='ltr'><strong>extendere</strong></span> <span class='ocrx_word' id='word_1_50' title='bbox 1458 1567 1621 1640; x_wconf 88' lang='lat' dir='ltr'><strong>volumus</strong></span> <span class='ocrx_word' id='word_1_51' title='bbox 1638 1577 1674 1640; x_wconf 91' lang='lat' dir='ltr'><strong>et</strong></span> 
     </span>
     <span class='ocr_line' id='line_1_8' title="bbox 264 1672 1673 1790; baseline -0.006 -20"><span class='ocrx_word' id='word_1_52' title='bbox 264 1696 356 1770; x_wconf 87' lang='lat' dir='ltr'><strong>circa</strong></span> <span class='ocrx_word' id='word_1_53' title='bbox 369 1717 428 1770; x_wconf 89' lang='lat' dir='ltr'><strong>aas</strong></span> <span class='ocrx_word' id='word_1_54' title='bbox 442 1695 499 1790; x_wconf 92' lang='lat' dir='ltr'><strong>pie</strong></span> <span class='ocrx_word' id='word_1_55' title='bbox 516 1694 759 1768; x_wconf 82' lang='lat' dir='ltr'><strong>sollicitudinis</strong></span> <span class='ocrx_word' id='word_1_56' title='bbox 771 1672 926 1768; x_wconf 69' lang='lat' dir='ltr'><strong>studium</strong></span> <span class='ocrx_word' id='word_1_57' title='bbox 937 1713 1100 1768; x_wconf 83' lang='lat' dir='ltr'><strong>exercere</strong></span> <span class='ocrx_word' id='word_1_58' title='bbox 1114 1701 1154 1766; x_wconf 92' lang='lat' dir='ltr'><strong>ut</strong></span> <span class='ocrx_word' id='word_1_59' title='bbox 1170 1691 1291 1787; x_wconf 90' lang='lat' dir='ltr'><strong>sopitis</strong></span> <span class='ocrx_word' id='word_1_60' title='bbox 1306 1691 1505 1764; x_wconf 87' lang='lat' dir='ltr'><strong>turbinibus</strong></span> <span class='ocrx_word' id='word_1_61' title='bbox 1522 1699 1673 1786; x_wconf 87' lang='lat' dir='ltr'><strong>tempes-</strong></span> 
     </span>
    </p>
   </div>
   <div class='ocr_carea' id='block_1_4' title="bbox 264 1815 1754 4654">
    <p class='ocr_par' dir='ltr' id='par_1_4' title="bbox 264 1815 1754 4654">
     <span class='ocr_line' id='line_1_9' title="bbox 265 1815 1675 1915; baseline -0.003 -23"><span class='ocrx_word' id='word_1_62' title='bbox 265 1829 374 1892; x_wconf 89' lang='lat' dir='ltr'><strong>tatum</strong></span> <span class='ocrx_word' id='word_1_63' title='bbox 386 1841 475 1914; x_wconf 91' lang='lat' dir='ltr'><strong>quas</strong></span> <span class='ocrx_word' id='word_1_64' title='bbox 490 1820 581 1915; x_wconf 90' lang='lat' dir='ltr'><strong>parit</strong></span> <span class='ocrx_word' id='word_1_65' title='bbox 596 1827 706 1892; x_wconf 89' lang='lat' dir='ltr'><strong>mater</strong></span> <span class='ocrx_word' id='word_1_66' title='bbox 723 1818 922 1910; x_wconf 78' lang='lat' dir='ltr'><strong>diversitas,</strong></span> <span class='ocrx_word' id='word_1_67' title='bbox 939 1828 1077 1892; x_wconf 88' lang='lat' dir='ltr'><strong>servent</strong></span> <span class='ocrx_word' id='word_1_68' title='bbox 1093 1816 1303 1890; x_wconf 86' lang='lat' dir='ltr'><strong>adinvicem</strong></span> <span class='ocrx_word' id='word_1_69' title='bbox 1321 1825 1442 1890; x_wconf 89' lang='lat' dir='ltr'><strong>mutue</strong></span> <span class='ocrx_word' id='word_1_70' title='bbox 1454 1815 1605 1888; x_wconf 90' lang='lat' dir='ltr'><strong>caritatis</strong></span> <span class='ocrx_word' id='word_1_71' title='bbox 1623 1815 1675 1888; x_wconf 90' lang='lat' dir='ltr'><strong>al·</strong></span> 
     </span>
     <span class='ocr_line' id='line_1_10' title="bbox 264 1940 1754 2040; baseline -0.002 -23"><span class='ocrx_word' id='word_1_72' title='bbox 264 1945 391 2018; x_wconf 80' lang='lat' dir='ltr'><strong>lectum</strong></span> <span class='ocrx_word' id='word_1_73' title='bbox 408 1952 444 2016; x_wconf 90' lang='lat' dir='ltr'><strong>et</strong></span> <span class='ocrx_word' id='word_1_74' title='bbox 456 1945 492 2014; x_wconf 97' lang='lat' dir='ltr'><strong>iu</strong></span> <span class='ocrx_word' id='word_1_75' title='bbox 504 1965 587 2018; x_wconf 89' lang='lat' dir='ltr'><strong>vere</strong></span> <span class='ocrx_word' id='word_1_76' title='bbox 605 1943 703 2038; x_wconf 84' lang='lat' dir='ltr'><strong>pacis</strong></span> <span class='ocrx_word' id='word_1_77' title='bbox 718 1943 858 2016; x_wconf 90' lang='lat' dir='ltr'><strong>vinculo</strong></span> <span class='ocrx_word' id='word_1_78' title='bbox 875 1942 1123 2036; x_wconf 77' lang='lat' dir='ltr'><strong>gubernentur.</strong></span> <span class='ocrx_word' id='word_1_79' title='bbox 1139 1942 1243 2014; x_wconf 90' lang='lat' dir='ltr'><strong>Porro</strong></span> <span class='ocrx_word' id='word_1_80' title='bbox 1259 1940 1451 2036; x_wconf 78' lang='lat' dir='ltr'><strong>specialiter</strong></span> <span class='ocrx_word' id='word_1_81' title='bbox 1461 1950 1496 2014; x_wconf 91' lang='lat' dir='ltr'><strong>at</strong></span> <span class='ocrx_word' id='word_1_82' title='bbox 1509 1940 1673 2036; x_wconf 82' lang='lat' dir='ltr'><strong>precipue</strong></span> <span class='ocrx_word' id='word_1_83' title='bbox 1748 2023 1754 2040; x_wconf 33' lang='grc' dir='ltr'><strong><em>Ι</em></strong></span> 
     </span>
     <span class='ocr_line' id='line_1_11' title="bbox 264 2065 1675 2164; baseline -0.004 -22"><span class='ocrx_word' id='word_1_84' title='bbox 264 2069 449 2164; x_wconf 85' lang='lat' dir='ltr'><strong>specialem</strong></span> <span class='ocrx_word' id='word_1_85' title='bbox 467 2090 509 2143; x_wconf 89' lang='lat' dir='ltr'><strong>ac</strong></span> <span class='ocrx_word' id='word_1_86' title='bbox 533 2067 733 2164; x_wconf 81' lang='lat' dir='ltr'><strong>precipuanr</strong></span> <span class='ocrx_word' id='word_1_87' title='bbox 755 2067 1009 2141; x_wconf 89' lang='lat' dir='ltr'><strong>solicitudinem</strong></span> <span class='ocrx_word' id='word_1_88' title='bbox 1025 2068 1118 2140; x_wconf 91' lang='lat' dir='ltr'><strong>circa</strong></span> <span class='ocrx_word' id='word_1_89' title='bbox 1134 2087 1278 2160; x_wconf 56' lang='lat' dir='ltr'><strong>mum</strong></span> <span class='ocrx_word' id='word_1_90' title='bbox 1296 2065 1412 2138; x_wconf 91' lang='lat' dir='ltr'><strong>Sicilie</strong></span> <span class='ocrx_word' id='word_1_91' title='bbox 1432 2085 1496 2138; x_wconf 90' lang='lat' dir='ltr'><strong>nos</strong></span> <span class='ocrx_word' id='word_1_92' title='bbox 1512 2065 1675 2138; x_wconf 89' lang='lat' dir='ltr'><strong>convenit</strong></span> 
     </span>
     <span class='ocr_line' id='line_1_12' title="bbox 264 2187 1673 2288; baseline -0.004 -22"><span class='ocrx_word' id='word_1_93' title='bbox 264 2193 443 2282; x_wconf 90' lang='lat' dir='ltr'><strong>adhibere,</strong></span> <span class='ocrx_word' id='word_1_94' title='bbox 457 2190 601 2286; x_wconf 89' lang='lat' dir='ltr'><strong>quadiu</strong></span> <span class='ocrx_word' id='word_1_95' title='bbox 614 2189 810 2288; x_wconf 82' lang='lat' dir='ltr'><strong>Apostolice</strong></span> <span class='ocrx_word' id='word_1_96' title='bbox 822 2190 921 2264; x_wconf 92' lang='lat' dir='ltr'><strong>Sedis</strong></span> <span class='ocrx_word' id='word_1_97' title='bbox 933 2191 1121 2264; x_wconf 79' lang='lat' dir='ltr'><strong>ferventius</strong></span> <span class='ocrx_word' id='word_1_98' title='bbox 1133 2189 1300 2264; x_wconf 91' lang='lat' dir='ltr'><strong>bactauus</strong></span> <span class='ocrx_word' id='word_1_99' title='bbox 1313 2187 1498 2262; x_wconf 88' lang='lat' dir='ltr'><strong>devotione</strong></span> <span class='ocrx_word' id='word_1_100' title='bbox 1513 2209 1673 2284; x_wconf 73' lang='lat' dir='ltr'><strong>perrum-</strong></span> 
     </span>
     <span class='ocr_line' id='line_1_13' title="bbox 265 2312 1678 2412; baseline -0.004 -22"><span class='ocrx_word' id='word_1_101' title='bbox 265 2319 328 2410; x_wconf 76' lang='lat' dir='ltr'><strong>sit,</strong></span> <span class='ocrx_word' id='word_1_102' title='bbox 348 2317 395 2392; x_wconf 91' lang='lat' dir='ltr'><strong>ad</strong></span> <span class='ocrx_word' id='word_1_103' title='bbox 412 2315 623 2412; x_wconf 89' lang='lat' dir='ltr'><strong>quodetiam</strong></span> <span class='ocrx_word' id='word_1_104' title='bbox 641 2317 770 2412; x_wconf 77' lang='lat' dir='ltr'><strong>inclyte</strong></span> <span class='ocrx_word' id='word_1_105' title='bbox 786 2312 1032 2390; x_wconf 83' lang='lat' dir='ltr'><strong>recordationis</strong></span> <span class='ocrx_word' id='word_1_106' title='bbox 1047 2316 1087 2388; x_wconf 84' lang='lat' dir='ltr'><strong>ll.</strong></span> <span class='ocrx_word' id='word_1_107' title='bbox 1106 2312 1283 2408; x_wconf 91' lang='lat' dir='ltr'><strong>quondam</strong></span> <span class='ocrx_word' id='word_1_108' title='bbox 1297 2313 1422 2409; x_wconf 91' lang='lat' dir='ltr'><strong>patris,</strong></span> <span class='ocrx_word' id='word_1_109' title='bbox 1437 2312 1493 2385; x_wconf 88' lang='lat' dir='ltr'><strong>W.</strong></span> <span class='ocrx_word' id='word_1_110' title='bbox 1516 2313 1629 2384; x_wconf 78' lang='lat' dir='ltr'><strong>fratris</strong></span> <span class='ocrx_word' id='word_1_111' title='bbox 1642 2319 1678 2386; x_wconf 95' lang='lat' dir='ltr'><strong>et</strong></span> 
     </span>
     <span class='ocr_line' id='line_1_14' title="bbox 266 2437 1677 2538; baseline -0.004 -25"><span class='ocrx_word' id='word_1_112' title='bbox 266 2441 323 2514; x_wconf 89' lang='lat' dir='ltr'><strong>W.</strong></span> <span class='ocrx_word' id='word_1_113' title='bbox 348 2443 484 2538; x_wconf 89' lang='lat' dir='ltr'><strong>nepotis</strong></span> <span class='ocrx_word' id='word_1_114' title='bbox 499 2451 655 2532; x_wconf 90' lang='lat' dir='ltr'><strong>tuorum,</strong></span> <span class='ocrx_word' id='word_1_115' title='bbox 676 2461 799 2534; x_wconf 81' lang='lat' dir='ltr'><strong>regum</strong></span> <span class='ocrx_word' id='word_1_116' title='bbox 820 2440 953 2530; x_wconf 89' lang='lat' dir='ltr'><strong>Sicilie,</strong></span> <span class='ocrx_word' id='word_1_117' title='bbox 976 2438 1048 2512; x_wconf 89' lang='lat' dir='ltr'><strong>filia</strong></span> <span class='ocrx_word' id='word_1_118' title='bbox 1063 2439 1283 2534; x_wconf 81' lang='lat' dir='ltr'><strong>imperatrix,</strong></span> <span class='ocrx_word' id='word_1_119' title='bbox 1301 2447 1400 2530; x_wconf 78' lang='lat' dir='ltr'><strong>grate</strong></span> <span class='ocrx_word' id='word_1_120' title='bbox 1423 2437 1589 2510; x_wconf 89' lang='lat' dir='ltr'><strong>memorie</strong></span> <span class='ocrx_word' id='word_1_121' title='bbox 1613 2457 1677 2509; x_wconf 88' lang='lat' dir='ltr'><strong>uos</strong></span> 
     </span>
     <span class='ocr_line' id='line_1_15' title="bbox 265 2559 1678 2660; baseline -0.006 -22"><span class='ocrx_word' id='word_1_122' title='bbox 265 2565 413 2657; x_wconf 91' lang='lat' dir='ltr'><strong>inducit,</strong></span> <span class='ocrx_word' id='word_1_123' title='bbox 424 2566 530 2660; x_wconf 89' lang='lat' dir='ltr'><strong>quiin</strong></span> <span class='ocrx_word' id='word_1_124' title='bbox 540 2563 736 2660; x_wconf 84' lang='lat' dir='ltr'><strong>Apostolice</strong></span> <span class='ocrx_word' id='word_1_125' title='bbox 749 2564 849 2638; x_wconf 88' lang='lat' dir='ltr'><strong>Sedis</strong></span> <span class='ocrx_word' id='word_1_126' title='bbox 862 2587 904 2638; x_wconf 89' lang='lat' dir='ltr'><strong>ac</strong></span> <span class='ocrx_word' id='word_1_127' title='bbox 917 2563 1199 2659; x_wconf 88' lang='lat' dir='ltr'><strong>predecessorum</strong></span> <span class='ocrx_word' id='word_1_128' title='bbox 1212 2571 1405 2636; x_wconf 91' lang='lat' dir='ltr'><strong>nostrorum</strong></span> <span class='ocrx_word' id='word_1_129' title='bbox 1420 2561 1606 2634; x_wconf 86' lang='lat' dir='ltr'><strong>dilectione</strong></span> <span class='ocrx_word' id='word_1_130' title='bbox 1621 2559 1678 2631; x_wconf 91' lang='lat' dir='ltr'><strong>lir-</strong></span> 
     </span>
     <span class='ocr_line' id='line_1_16' title="bbox 266 2684 1679 2786; baseline -0.004 -22"><span class='ocrx_word' id='word_1_131' title='bbox 266 2690 637 2786; x_wconf 88' lang='lat' dir='ltr'><strong>miusperaistentesab</strong></span> <span class='ocrx_word' id='word_1_132' title='bbox 648 2690 799 2781; x_wconf 92' lang='lat' dir='ltr'><strong>ejusuon</strong></span> <span class='ocrx_word' id='word_1_133' title='bbox 813 2697 999 2784; x_wconf 87' lang='lat' dir='ltr'><strong>potueruut</strong></span> <span class='ocrx_word' id='word_1_134' title='bbox 1011 2687 1152 2760; x_wconf 88' lang='lat' dir='ltr'><strong>unitatis</strong></span> <span class='ocrx_word' id='word_1_135' title='bbox 1164 2685 1325 2758; x_wconf 87' lang='lat' dir='ltr'><strong>firmitate</strong></span> <span class='ocrx_word' id='word_1_136' title='bbox 1334 2685 1468 2776; x_wconf 88' lang='lat' dir='ltr'><strong>divelli,</strong></span> <span class='ocrx_word' id='word_1_137' title='bbox 1483 2684 1570 2779; x_wconf 92' lang='lat' dir='ltr'><strong>quin</strong></span> <span class='ocrx_word' id='word_1_138' title='bbox 1585 2693 1679 2758; x_wconf 84' lang='lat' dir='ltr'><strong>tauto</strong></span> 
     </span>
     <span class='ocr_line' id='line_1_17' title="bbox 269 2807 1681 2911; baseline -0.006 -23"><span class='ocrx_word' id='word_1_139' title='bbox 269 2815 390 2888; x_wconf 88' lang='lat' dir='ltr'><strong>lortius</strong></span> <span class='ocrx_word' id='word_1_140' title='bbox 408 2815 444 2886; x_wconf 94' lang='lat' dir='ltr'><strong>iu</strong></span> <span class='ocrx_word' id='word_1_141' title='bbox 464 2815 576 2911; x_wconf 89' lang='lat' dir='ltr'><strong>ipsius</strong></span> <span class='ocrx_word' id='word_1_142' title='bbox 594 2814 762 2908; x_wconf 86' lang='lat' dir='ltr'><strong>obsequio</strong></span> <span class='ocrx_word' id='word_1_143' title='bbox 780 2821 1019 2908; x_wconf 90' lang='lat' dir='ltr'><strong>permanerent</strong></span> <span class='ocrx_word' id='word_1_144' title='bbox 1036 2821 1167 2906; x_wconf 90' lang='lat' dir='ltr'><strong>quanto</strong></span> <span class='ocrx_word' id='word_1_145' title='bbox 1184 2809 1354 2883; x_wconf 89' lang='lat' dir='ltr'><strong>adversus</strong></span> <span class='ocrx_word' id='word_1_146' title='bbox 1373 2830 1450 2882; x_wconf 91' lang='lat' dir='ltr'><strong>eam</strong></span> <span class='ocrx_word' id='word_1_147' title='bbox 1473 2829 1511 2881; x_wconf 90' lang='lat' dir='ltr'><strong>se</strong></span> <span class='ocrx_word' id='word_1_148' title='bbox 1529 2807 1681 2903; x_wconf 89' lang='lat' dir='ltr'><strong>amplius</strong></span> 
     </span>
     <span class='ocr_line' id='line_1_18' title="bbox 267 2932 1680 3035; baseline -0.006 -23"><span class='ocrx_word' id='word_1_149' title='bbox 267 2939 419 3035; x_wconf 88' lang='lat' dir='ltr'><strong>impetus</strong></span> <span class='ocrx_word' id='word_1_150' title='bbox 441 2940 620 3012; x_wconf 88' lang='lat' dir='ltr'><strong>extolleret</strong></span> <span class='ocrx_word' id='word_1_151' title='bbox 641 2937 864 3033; x_wconf 87' lang='lat' dir='ltr'><strong>tempestatis.</strong></span> <span class='ocrx_word' id='word_1_152' title='bbox 887 2938 959 3010; x_wconf 89' lang='lat' dir='ltr'><strong>Hac</strong></span> <span class='ocrx_word' id='word_1_153' title='bbox 982 2937 1088 3032; x_wconf 80' lang='lat' dir='ltr'><strong>igitur</strong></span> <span class='ocrx_word' id='word_1_154' title='bbox 1115 2933 1389 3009; x_wconf 88' lang='lat' dir='ltr'><strong>consideratione</strong></span> <span class='ocrx_word' id='word_1_155' title='bbox 1411 2932 1595 3027; x_wconf 79' lang='lat' dir='ltr'><strong>diligenter</strong></span> <span class='ocrx_word' id='word_1_156' title='bbox 1621 2933 1680 3005; x_wconf 90' lang='lat' dir='ltr'><strong>in·</strong></span> 
     </span>
     <span class='ocr_line' id='line_1_19' title="bbox 268 3057 1680 3157; baseline -0.005 -18"><span class='ocrx_word' id='word_1_157' title='bbox 268 3064 363 3139; x_wconf 91' lang='lat' dir='ltr'><strong>docti</strong></span> <span class='ocrx_word' id='word_1_158' title='bbox 382 3086 424 3139; x_wconf 89' lang='lat' dir='ltr'><strong>ac</strong></span> <span class='ocrx_word' id='word_1_159' title='bbox 442 3063 620 3136; x_wconf 86' lang='lat' dir='ltr'><strong>credentes</strong></span> <span class='ocrx_word' id='word_1_160' title='bbox 639 3061 736 3157; x_wconf 92' lang='lat' dir='ltr'><strong>quod</strong></span> <span class='ocrx_word' id='word_1_161' title='bbox 762 3061 996 3157; x_wconf 90' lang='lat' dir='ltr'><strong>predictorum</strong></span> <span class='ocrx_word' id='word_1_162' title='bbox 1014 3083 1136 3156; x_wconf 84' lang='lat' dir='ltr'><strong>regum</strong></span> <span class='ocrx_word' id='word_1_163' title='bbox 1164 3059 1312 3153; x_wconf 77' lang='lat' dir='ltr'><strong>vestigia</strong></span> <span class='ocrx_word' id='word_1_164' title='bbox 1333 3067 1448 3131; x_wconf 88' lang='lat' dir='ltr'><strong>vestra</strong></span> <span class='ocrx_word' id='word_1_165' title='bbox 1465 3057 1563 3151; x_wconf 80' lang='lat' dir='ltr'><strong>regia</strong></span> <span class='ocrx_word' id='word_1_166' title='bbox 1582 3079 1680 3132; x_wconf 91' lang='lat' dir='ltr'><strong>sere-</strong></span> 
     </span>
     <span class='ocr_line' id='line_1_20' title="bbox 267 3179 1680 3280; baseline -0.004 -20"><span class='ocrx_word' id='word_1_167' title='bbox 267 3189 359 3262; x_wconf 84' lang='lat' dir='ltr'><strong>nitas</strong></span> <span class='ocrx_word' id='word_1_168' title='bbox 385 3188 423 3260; x_wconf 92' lang='lat' dir='ltr'><strong>in</strong></span> <span class='ocrx_word' id='word_1_169' title='bbox 450 3186 635 3262; x_wconf 90' lang='lat' dir='ltr'><strong>devotione</strong></span> <span class='ocrx_word' id='word_1_170' title='bbox 664 3207 706 3258; x_wconf 89' lang='lat' dir='ltr'><strong>ec</strong></span> <span class='ocrx_word' id='word_1_171' title='bbox 732 3185 908 3280; x_wconf 89' lang='lat' dir='ltr'><strong>obsequiis</strong></span> <span class='ocrx_word' id='word_1_172' title='bbox 925 3183 1077 3257; x_wconf 86' lang='lat' dir='ltr'><strong>Ecclesia</strong></span> <span class='ocrx_word' id='word_1_173' title='bbox 1105 3182 1272 3274; x_wconf 89' lang='lat' dir='ltr'><strong>imitetur,</strong></span> <span class='ocrx_word' id='word_1_174' title='bbox 1300 3181 1403 3254; x_wconf 90' lang='lat' dir='ltr'><strong>vobis</strong></span> <span class='ocrx_word' id='word_1_175' title='bbox 1429 3190 1465 3254; x_wconf 90' lang='lat' dir='ltr'><strong>et</strong></span> <span class='ocrx_word' id='word_1_176' title='bbox 1490 3179 1680 3254; x_wconf 90' lang='lat' dir='ltr'><strong>heredibus</strong></span> 
     </span>
     <span class='ocr_line' id='line_1_21' title="bbox 269 3305 1681 3406; baseline -0.006 -20"><span class='ocrx_word' id='word_1_177' title='bbox 269 3312 396 3386; x_wconf 86' lang='lat' dir='ltr'><strong>vestris</strong></span> <span class='ocrx_word' id='word_1_178' title='bbox 423 3313 505 3406; x_wconf 91' lang='lat' dir='ltr'><strong>qui,</strong></span> <span class='ocrx_word' id='word_1_179' title='bbox 522 3311 612 3384; x_wconf 90' lang='lat' dir='ltr'><strong>sicut</strong></span> <span class='ocrx_word' id='word_1_180' title='bbox 628 3310 743 3384; x_wconf 92' lang='lat' dir='ltr'><strong>dictus</strong></span> <span class='ocrx_word' id='word_1_181' title='bbox 770 3332 835 3383; x_wconf 85' lang='lat' dir='ltr'><strong>rex</strong></span> <span class='ocrx_word' id='word_1_182' title='bbox 862 3311 920 3383; x_wconf 91' lang='lat' dir='ltr'><strong>W.</strong></span> <span class='ocrx_word' id='word_1_183' title='bbox 945 3308 1123 3406; x_wconf 88' lang='lat' dir='ltr'><strong>quondam</strong></span> <span class='ocrx_word' id='word_1_184' title='bbox 1147 3310 1250 3382; x_wconf 85' lang='lat' dir='ltr'><strong>irater</strong></span> <span class='ocrx_word' id='word_1_185' title='bbox 1273 3315 1354 3379; x_wconf 90' lang='lat' dir='ltr'><strong>tuus</strong></span> <span class='ocrx_word' id='word_1_186' title='bbox 1383 3305 1491 3380; x_wconf 81' lang='lat' dir='ltr'><strong>felicis</strong></span> <span class='ocrx_word' id='word_1_187' title='bbox 1515 3305 1681 3379; x_wconf 89' lang='lat' dir='ltr'><strong>memorie</strong></span> 
     </span>
     <span class='ocr_line' id='line_1_22' title="bbox 269 3429 1681 3532; baseline -0.005 -24"><span class='ocrx_word' id='word_1_188' title='bbox 269 3434 423 3510; x_wconf 83' lang='lat' dir='ltr'><strong>Adriano</strong></span> <span class='ocrx_word' id='word_1_189' title='bbox 437 3457 527 3532; x_wconf 91' lang='lat' dir='ltr'><strong>pape</strong></span> <span class='ocrx_word' id='word_1_190' title='bbox 541 3436 775 3532; x_wconf 85' lang='lat' dir='ltr'><strong>predecessori</strong></span> <span class='ocrx_word' id='word_1_191' title='bbox 792 3445 909 3509; x_wconf 89' lang='lat' dir='ltr'><strong>nostro</strong></span> <span class='ocrx_word' id='word_1_192' title='bbox 923 3434 1097 3526; x_wconf 82' lang='lat' dir='ltr'><strong>exhibuit,</strong></span> <span class='ocrx_word' id='word_1_193' title='bbox 1114 3433 1214 3506; x_wconf 90' lang='lat' dir='ltr'><strong>nobis</strong></span> <span class='ocrx_word' id='word_1_194' title='bbox 1231 3442 1267 3506; x_wconf 94' lang='lat' dir='ltr'><strong>et</strong></span> <span class='ocrx_word' id='word_1_195' title='bbox 1283 3430 1539 3504; x_wconf 87' lang='lat' dir='ltr'><strong>successoribus</strong></span> <span class='ocrx_word' id='word_1_196' title='bbox 1555 3429 1681 3502; x_wconf 91' lang='lat' dir='ltr'><strong>nostris</strong></span> 
     </span>
     <span class='ocr_line' id='line_1_23' title="bbox 270 3553 1680 3648; baseline -0.006 -14"><span class='ocrx_word' id='word_1_197' title='bbox 270 3569 305 3634; x_wconf 93' lang='lat' dir='ltr'><strong>et</strong></span> <span class='ocrx_word' id='word_1_198' title='bbox 328 3561 483 3633; x_wconf 85' lang='lat' dir='ltr'><strong>Ecclesia</strong></span> <span class='ocrx_word' id='word_1_199' title='bbox 508 3561 660 3633; x_wconf 87' lang='lat' dir='ltr'><strong>Romane</strong></span> <span class='ocrx_word' id='word_1_200' title='bbox 681 3558 880 3633; x_wconf 86' lang='lat' dir='ltr'><strong>fidelitatem</strong></span> <span class='ocrx_word' id='word_1_201' title='bbox 904 3568 939 3632; x_wconf 90' lang='lat' dir='ltr'><strong>et</strong></span> <span class='ocrx_word' id='word_1_202' title='bbox 961 3557 1154 3631; x_wconf 90' lang='lat' dir='ltr'><strong>hominium</strong></span> <span class='ocrx_word' id='word_1_203' title='bbox 1178 3556 1346 3628; x_wconf 83' lang='lat' dir='ltr'><strong>exhibere</strong></span> <span class='ocrx_word' id='word_1_204' title='bbox 1371 3575 1413 3626; x_wconf 89' lang='lat' dir='ltr'><strong>ac</strong></span> <span class='ocrx_word' id='word_1_205' title='bbox 1433 3573 1503 3648; x_wconf 88' lang='lat' dir='ltr'><strong>que</strong></span> <span class='ocrx_word' id='word_1_206' title='bbox 1527 3553 1680 3626; x_wconf 88' lang='lat' dir='ltr'><strong>subscri·</strong></span> 
     </span>
     <span class='ocr_line' id='line_1_24' title="bbox 271 3677 1683 3778; baseline -0.004 -20"><span class='ocrx_word' id='word_1_207' title='bbox 271 3686 403 3758; x_wconf 91' lang='lat' dir='ltr'><strong>buntur</strong></span> <span class='ocrx_word' id='word_1_208' title='bbox 413 3685 585 3759; x_wconf 89' lang='lat' dir='ltr'><strong>volueriut</strong></span> <span class='ocrx_word' id='word_1_209' title='bbox 600 3685 800 3777; x_wconf 89' lang='lat' dir='ltr'><strong>observare,</strong></span> <span class='ocrx_word' id='word_1_210' title='bbox 816 3682 1040 3758; x_wconf 89' lang='lat' dir='ltr'><strong>concedimus</strong></span> <span class='ocrx_word' id='word_1_211' title='bbox 1052 3703 1198 3778; x_wconf 83' lang='lat' dir='ltr'><strong>reguum</strong></span> <span class='ocrx_word' id='word_1_212' title='bbox 1214 3679 1353 3773; x_wconf 88' lang='lat' dir='ltr'><strong>Sicilie,</strong></span> <span class='ocrx_word' id='word_1_213' title='bbox 1375 3678 1542 3752; x_wconf 90' lang='lat' dir='ltr'><strong>ducatum</strong></span> <span class='ocrx_word' id='word_1_214' title='bbox 1555 3677 1683 3774; x_wconf 85' lang='lat' dir='ltr'><strong>Apulia</strong></span> 
     </span>
     <span class='ocr_line' id='line_1_25' title="bbox 271 3804 1683 3906; baseline -0.006 -23"><span class='ocrx_word' id='word_1_215' title='bbox 271 3819 306 3884; x_wconf 91' lang='lat' dir='ltr'><strong>et</strong></span> <span class='ocrx_word' id='word_1_216' title='bbox 328 3810 559 3906; x_wconf 90' lang='lat' dir='ltr'><strong>principatum</strong></span> <span class='ocrx_word' id='word_1_217' title='bbox 590 3809 707 3906; x_wconf 86' lang='lat' dir='ltr'><strong>Capua</strong></span> <span class='ocrx_word' id='word_1_218' title='bbox 737 3832 818 3882; x_wconf 90' lang='lat' dir='ltr'><strong>cnm</strong></span> <span class='ocrx_word' id='word_1_219' title='bbox 842 3809 1005 3882; x_wconf 89' lang='lat' dir='ltr'><strong>omuibus</strong></span> <span class='ocrx_word' id='word_1_220' title='bbox 1028 3805 1240 3903; x_wconf 92' lang='lat' dir='ltr'><strong>pertiuentiis</strong></span> <span class='ocrx_word' id='word_1_221' title='bbox 1269 3806 1362 3896; x_wconf 90' lang='lat' dir='ltr'><strong>suis,</strong></span> <span class='ocrx_word' id='word_1_222' title='bbox 1390 3804 1586 3901; x_wconf 88' lang='lat' dir='ltr'><strong>Neapolim,</strong></span> <span class='ocrx_word' id='word_1_223' title='bbox 1614 3805 1683 3876; x_wconf 86' lang='lat' dir='ltr'><strong>Sa-</strong></span> 
     </span>
     <span class='ocr_line' id='line_1_26' title="bbox 271 3928 1683 4030; baseline -0.004 -25"><span class='ocrx_word' id='word_1_224' title='bbox 271 3935 405 4006; x_wconf 90' lang='lat' dir='ltr'><strong>lernum</strong></span> <span class='ocrx_word' id='word_1_225' title='bbox 419 3943 454 4006; x_wconf 88' lang='lat' dir='ltr'><strong>et</strong></span> <span class='ocrx_word' id='word_1_226' title='bbox 469 3933 650 4006; x_wconf 79' lang='lat' dir='ltr'><strong>Amalliam</strong></span> <span class='ocrx_word' id='word_1_227' title='bbox 664 3933 973 4030; x_wconf 90' lang='lat' dir='ltr'><strong>compertinentiis</strong></span> <span class='ocrx_word' id='word_1_228' title='bbox 988 3933 1075 4023; x_wconf 88' lang='lat' dir='ltr'><strong>suis,</strong></span> <span class='ocrx_word' id='word_1_229' title='bbox 1091 3931 1252 4006; x_wconf 85' lang='lat' dir='ltr'><strong>Marsiam</strong></span> <span class='ocrx_word' id='word_1_230' title='bbox 1263 3940 1299 4003; x_wconf 92' lang='lat' dir='ltr'><strong>et</strong></span> <span class='ocrx_word' id='word_1_231' title='bbox 1317 3931 1386 4003; x_wconf 91' lang='lat' dir='ltr'><strong>alia</strong></span> <span class='ocrx_word' id='word_1_232' title='bbox 1402 3951 1473 4024; x_wconf 93' lang='lat' dir='ltr'><strong>que</strong></span> <span class='ocrx_word' id='word_1_233' title='bbox 1485 3930 1575 4002; x_wconf 89' lang='lat' dir='ltr'><strong>ultra</strong></span> <span class='ocrx_word' id='word_1_234' title='bbox 1587 3928 1683 4001; x_wconf 86' lang='lat' dir='ltr'><strong>Mar-</strong></span> 
     </span>
     <span class='ocr_line' id='line_1_27' title="bbox 272 4053 1683 4156; baseline -0.004 -24"><span class='ocrx_word' id='word_1_235' title='bbox 272 4058 358 4132; x_wconf 85' lang='lat' dir='ltr'><strong>siam</strong></span> <span class='ocrx_word' id='word_1_236' title='bbox 372 4058 500 4132; x_wconf 89' lang='lat' dir='ltr'><strong>habere</strong></span> <span class='ocrx_word' id='word_1_237' title='bbox 519 4059 653 4134; x_wconf 87' lang='lat' dir='ltr'><strong>debetis</strong></span> <span class='ocrx_word' id='word_1_238' title='bbox 668 4069 703 4133; x_wconf 92' lang='lat' dir='ltr'><strong>at</strong></span> <span class='ocrx_word' id='word_1_239' title='bbox 726 4059 858 4156; x_wconf 89' lang='lat' dir='ltr'><strong>reliqua</strong></span> <span class='ocrx_word' id='word_1_240' title='bbox 876 4059 1064 4132; x_wconf 87' lang='lat' dir='ltr'><strong>tenimenta</strong></span> <span class='ocrx_word' id='word_1_241' title='bbox 1085 4079 1156 4153; x_wconf 93' lang='lat' dir='ltr'><strong>que</strong></span> <span class='ocrx_word' id='word_1_242' title='bbox 1177 4055 1319 4148; x_wconf 89' lang='lat' dir='ltr'><strong>tenetis,</strong></span> <span class='ocrx_word' id='word_1_243' title='bbox 1340 4077 1363 4128; x_wconf 90' lang='lat' dir='ltr'><strong>n</strong></span> <span class='ocrx_word' id='word_1_244' title='bbox 1380 4053 1683 4152; x_wconf 89' lang='lat' dir='ltr'><strong>predecessoribus</strong></span> 
     </span>
     <span class='ocr_line' id='line_1_28' title="bbox 272 4179 1684 4274; baseline -0.003 -18"><span class='ocrx_word' id='word_1_245' title='bbox 272 4183 397 4256; x_wconf 87' lang='lat' dir='ltr'><strong>vestris</strong></span> <span class='ocrx_word' id='word_1_246' title='bbox 419 4183 619 4258; x_wconf 90' lang='lat' dir='ltr'><strong>homiuibus</strong></span> <span class='ocrx_word' id='word_1_247' title='bbox 632 4195 848 4260; x_wconf 89' lang='lat' dir='ltr'><strong>sacrosancte</strong></span> <span class='ocrx_word' id='word_1_248' title='bbox 864 4186 1016 4258; x_wconf 86' lang='lat' dir='ltr'><strong>Romana</strong></span> <span class='ocrx_word' id='word_1_249' title='bbox 1042 4181 1196 4256; x_wconf 78' lang='lat' dir='ltr'><strong>Ecclesia</strong></span> <span class='ocrx_word' id='word_1_250' title='bbox 1216 4181 1297 4274; x_wconf 87' lang='lat' dir='ltr'><strong>jure</strong></span> <span class='ocrx_word' id='word_1_251' title='bbox 1323 4179 1475 4270; x_wconf 89' lang='lat' dir='ltr'><strong>detenta,</strong></span> <span class='ocrx_word' id='word_1_252' title='bbox 1505 4188 1540 4252; x_wconf 92' lang='lat' dir='ltr'><strong>et</strong></span> <span class='ocrx_word' id='word_1_253' title='bbox 1565 4186 1684 4252; x_wconf 90' lang='lat' dir='ltr'><strong>contra</strong></span> 
     </span>
     <span class='ocr_line' id='line_1_29' title="bbox 273 4299 1683 4402; baseline -0.004 -22"><span class='ocrx_word' id='word_1_254' title='bbox 273 4328 394 4381; x_wconf 88' lang='lat' dir='ltr'><strong>omues</strong></span> <span class='ocrx_word' id='word_1_255' title='bbox 410 4308 567 4382; x_wconf 88' lang='lat' dir='ltr'><strong>homines</strong></span> <span class='ocrx_word' id='word_1_256' title='bbox 580 4309 826 4402; x_wconf 84' lang='lat' dir='ltr'><strong>adjuvabimus</strong></span> <span class='ocrx_word' id='word_1_257' title='bbox 839 4306 1025 4382; x_wconf 86' lang='lat' dir='ltr'><strong>honorifice</strong></span> <span class='ocrx_word' id='word_1_258' title='bbox 1042 4315 1277 4381; x_wconf 87' lang='lat' dir='ltr'><strong>manutenere.</strong></span> <span class='ocrx_word' id='word_1_259' title='bbox 1296 4305 1361 4377; x_wconf 89' lang='lat' dir='ltr'><strong>Pro</strong></span> <span class='ocrx_word' id='word_1_260' title='bbox 1375 4303 1505 4398; x_wconf 89' lang='lat' dir='ltr'><strong>quibus</strong></span> <span class='ocrx_word' id='word_1_261' title='bbox 1519 4299 1683 4374; x_wconf 90' lang='lat' dir='ltr'><strong>omnibus</strong></span> 
     </span>
     <span class='ocr_line' id='line_1_30' title="bbox 274 4424 1685 4528; baseline -0.004 -23"><span class='ocrx_word' id='word_1_262' title='bbox 274 4453 388 4506; x_wconf 90' lang='lat' dir='ltr'><strong>coram</strong></span> <span class='ocrx_word' id='word_1_263' title='bbox 405 4435 595 4507; x_wconf 89' lang='lat' dir='ltr'><strong>venerabili</strong></span> <span class='ocrx_word' id='word_1_264' title='bbox 618 4436 723 4510; x_wconf 82' lang='lat' dir='ltr'><strong>fratrs</strong></span> <span class='ocrx_word' id='word_1_265' title='bbox 747 4446 861 4509; x_wconf 92' lang='lat' dir='ltr'><strong>nostro</strong></span> <span class='ocrx_word' id='word_1_266' title='bbox 875 4434 1063 4509; x_wconf 89' lang='lat' dir='ltr'><strong>Octaviano</strong></span> <span class='ocrx_word' id='word_1_267' title='bbox 1089 4433 1252 4528; x_wconf 88' lang='lat' dir='ltr'><strong>episcopo</strong></span> <span class='ocrx_word' id='word_1_268' title='bbox 1272 4429 1456 4519; x_wconf 88' lang='lat' dir='ltr'><strong>Hostieusi,</strong></span> <span class='ocrx_word' id='word_1_269' title='bbox 1485 4424 1685 4522; x_wconf 82' lang='lat' dir='ltr'><strong>Apostolice</strong></span> 
     </span>
     <span class='ocr_line' id='line_1_31' title="bbox 274 4547 1683 4654; baseline -0.004 -26"><span class='ocrx_word' id='word_1_270' title='bbox 274 4557 374 4630; x_wconf 88' lang='lat' dir='ltr'><strong>Sedis</strong></span> <span class='ocrx_word' id='word_1_271' title='bbox 393 4558 518 4652; x_wconf 79' lang='lat' dir='ltr'><strong>legato,</strong></span> <span class='ocrx_word' id='word_1_272' title='bbox 537 4579 642 4653; x_wconf 90' lang='lat' dir='ltr'><strong>quam</strong></span> <span class='ocrx_word' id='word_1_273' title='bbox 662 4559 710 4632; x_wconf 88' lang='lat' dir='ltr'><strong>ad</strong></span> <span class='ocrx_word' id='word_1_274' title='bbox 725 4561 960 4654; x_wconf 88' lang='lat' dir='ltr'><strong>juramentum</strong></span> <span class='ocrx_word' id='word_1_275' title='bbox 978 4567 1098 4650; x_wconf 90' lang='lat' dir='ltr'><strong>tuum,</strong></span> <span class='ocrx_word' id='word_1_276' title='bbox 1119 4554 1190 4629; x_wconf 87' lang='lat' dir='ltr'><strong>filie</strong></span> <span class='ocrx_word' id='word_1_277' title='bbox 1205 4551 1422 4654; x_wconf 62' lang='lat' dir='ltr'><strong>imperatrix,</strong></span> <span class='ocrx_word' id='word_1_278' title='bbox 1443 4547 1683 4645; x_wconf 89' lang='lat' dir='ltr'><strong>recipiendum</strong></span> 
     </span>
    </p>
   </div>
   <div class='ocr_carea' id='block_1_5' title="bbox 269 4675 1685 4868">
    <p class='ocr_par' dir='ltr' id='par_1_5' title="bbox 269 4675 1685 4868">
     <span class='ocr_line' id='line_1_32' title="bbox 269 4675 1685 4778; baseline -0.004 -26"><span class='ocrx_word' id='word_1_279' title='bbox 269 4682 544 4774; x_wconf 89' lang='lat' dir='ltr'><strong>transmisimus,</strong></span> <span class='ocrx_word' id='word_1_280' title='bbox 569 4683 769 4758; x_wconf 88' lang='lat' dir='ltr'><strong>fidelitatem</strong></span> <span class='ocrx_word' id='word_1_281' title='bbox 786 4685 887 4758; x_wconf 90' lang='lat' dir='ltr'><strong>nobis</strong></span> <span class='ocrx_word' id='word_1_282' title='bbox 905 4683 1097 4778; x_wconf 89' lang='lat' dir='ltr'><strong>nostrisque</strong></span> <span class='ocrx_word' id='word_1_283' title='bbox 1118 4677 1374 4754; x_wconf 87' lang='lat' dir='ltr'><strong>successoribus</strong></span> <span class='ocrx_word' id='word_1_284' title='bbox 1388 4687 1422 4750; x_wconf 91' lang='lat' dir='ltr'><strong>at</strong></span> <span class='ocrx_word' id='word_1_285' title='bbox 1438 4675 1592 4752; x_wconf 88' lang='lat' dir='ltr'><strong>Ecclesia</strong></span> <span class='ocrx_word' id='word_1_286' title='bbox 1612 4675 1685 4748; x_wconf 90' lang='lat' dir='ltr'><strong>Ro·</strong></span> 
     </span>
     <span class='ocr_line' id='line_1_33' title="bbox 356 4806 1528 4868; baseline -0.002 -4"><span class='ocrx_word' id='word_1_287' title='bbox 356 4806 384 4868; x_wconf 92' lang='lat' dir='ltr'><strong>I.</strong></span> <span class='ocrx_word' id='word_1_288' title='bbox 1512 4811 1528 4862; x_wconf 78' lang='grc'>3</span> 
     </span>
    </p>
   </div>
   <div class='ocr_carea' id='block_1_6' title="bbox 0 0 2245 5940">
    <p class='ocr_par' dir='ltr' id='par_1_6' title="bbox 0 0 2245 5940">
     <span class='ocr_line' id='line_1_34' title="bbox 0 0 2245 5940; baseline 0 0"><span class='ocrx_word' id='word_1_289' title='bbox 0 0 2245 5940; x_wconf 95' lang='lat' dir='ltr'><strong> </strong></span> 
     </span>
    </p>
   </div>
  </div>
 </body>
</html>
