4382 5946
531 546 594 609 300
1030 549 1245 613 lnlnssnlcl
1270 549 1442 612 sncnnnl
1751 549 1833 627 [dns.
1851 549 1937 610 1214

535 683 755 756 advertentes
773 681 986 758 honestatem
1005 683 1129 756 domus
1150 687 1274 760 Sancte
1290 685 1416 776 lllarie,
1438 681 1563 756 domus
1580 681 1739 756 videlicet
1761 681 1940 778 hospitalis

538 805 825 878 Theutonicomm
854 807 891 878 in
917 809 1151 880 transmarinis
1173 810 1346 905 partibus;
1376 805 1630 882 considerantes
1658 827 1799 902 quoque
1825 807 1940 880 devo·

537 930 666 1004 tionem
685 939 720 1003 et
736 931 943 1026 probitatem
963 933 1104 1006 fratrum
1120 934 1157 1006 in
1178 935 1301 1008 eadem
1319 935 1423 1008 domo
1445 932 1511 1006 sub
1537 930 1682 1004 Domino
1705 931 1935 1020 militantium,

538 1063 578 1126 ut
604 1075 667 1149 per
691 1055 857 1149 largitatis
882 1065 997 1129 nostre
1019 1057 1187 1132 beneficia
1209 1060 1335 1133 diebus
1357 1059 1481 1131 nostris
1506 1065 1541 1129 et
1563 1057 1601 1128 in
1618 1056 1722 1130 rebus
1747 1065 1782 1128 ct
1801 1055 1837 1127 in
1861 1042 1939 1152 pcr-

537 1179 632 1250 sonis
654 1188 838 1252 memorata
862 1181 987 1254 domus
1016 1183 1164 1278 amplius
1191 1184 1298 1280 possit
1319 1181 1500 1278 proficere,
1527 1181 1564 1252 in
1585 1179 1724 1274 signum
1745 1179 1937 1252 futurorum

536 1301 781 1375 beneficiomm
801 1325 885 1398 qus,
903 1305 1049 1379 Domino
1066 1307 1182 1399 dante,
1203 1306 1240 1379 in
1258 1316 1433 1402 postcmm
1449 1305 1515 1401 ipsi
1535 1303 1654 1378 domui
1672 1303 1938 1376 deliberavimus

536 1447 599 1498 nos
622 1427 822 1515 collaturos,
843 1425 889 1500 ad
909 1429 1172 1522 postulationem
1192 1441 1227 1503 et
1247 1431 1437 1525 benignum
1466 1449 1644 1502 assensum
1667 1427 1937 1522 subscriptorum

535 1550 748 1647 principum,
769 1551 814 1625 de
838 1573 931 1626 mera
948 1552 1150 1628 liberalitate
1171 1565 1286 1627 nostra
1311 1553 1517 1627 contulimus
1535 1551 1622 1624 etin
1640 1561 1839 1646 perpetuam
1857 1572 1936 1646 pro·

535 1675 713 1770 prietatem
746 1675 952 1750 donavimus
980 1677 1155 1774 sepedicto
1180 1677 1340 1773 hospitali
1369 1679 1492 1750 Sancte
1513 1674 1621 1748 llario
1648 1674 1788 1748 domum
1819 1674 1937 1768 hospi·

536 1799 638 1870 talem
655 1821 847 1894 pauperum
874 1801 911 1872 in
932 1801 1070 1874 civitate
1093 1813 1210 1876 nostra
1227 1802 1323 1898 apud
1338 1799 1535 1875 Aldenburc
1550 1799 1669 1892 sitam,
1690 1821 1770 1906 cum
1782 1797 1886 1900 rebus
1903 1807 1953 1872 et'

536 1923 691 2018 personis
712 1931 746 1994 at
765 1923 935 1998 universis
953 1925 1028 2016 ejus
1047 1926 1275 2021 pertinentiis3
1295 1927 1343 1998 ita
1361 1933 1475 1998 tamen
1498 1933 1538 1994 ut
1560 1923 1651 1996 sicut
1667 1923 1833 1995 hactenus
1850 1943 1936 1996 oon-

537 2055 676 2119 suetum
692 2055 756 2138 est,
767 2047 813 2120 ita
827 2069 968 2143 quoque
982 2048 1028 2122 de
1041 2057 1153 2124 cetero
1165 2051 1366 2124 observetur
1379 2050 1415 2121 in
1429 2047 1551 2123 endem
1566 2047 1669 2121 domo
1683 2047 1935 2143 receptaculum

537 2191 728 2266 pauperum
748 2179 782 2243 et
799 2169 1025 2266 infirmorum,
1045 2183 1080 2246 et
1098 2174 1129 2246 si
1148 2173 1235 2269 quid
1253 2175 1339 2246 inibi
1356 2173 1534 2246 residuum
1552 2172 1655 2244 luerit
1671 2181 1749 2266 post
1765 2192 1935 2266 expensas

536 2316 727 2392 pauperum
743 2293 923 2386 deductas,
939 2298 985 2371 ad
998 2319 1100 2372 nsum
1114 2299 1256 2372 fratrum
1273 2297 1452 2394 hospitalis
1468 2295 1752 2370 Tbeutonicornm
1767 2295 1804 2366 in
1821 2303 1935 2366 bans-

535 2418 676 2491 marinis
702 2419 858 2514 partibus
878 2420 1024 2494 Domino
1046 2423 1284 2496 famulantium
1309 2421 1513 2496 deducatur.
1544 2419 1769 2492 Concedimus
1796 2439 1934 2513 quoque

534 2552 570 2616 et
587 2541 828 2616 confirmamus
845 2543 999 2638 predicte
1015 2544 1135 2619 domui
1153 2567 1274 2620 omnes
1291 2547 1525 2640 possessiones
1541 2543 1675 2638 quassi
1698 2543 1756 2616 vcl
1774 2543 1935 2615 ministe-

533 2667 636 2742 riales
652 2669 787 2764 imperii
808 2689 870 2742 scu
888 2671 1099 2766 quicumque
1122 2670 1243 2745 fideles
1265 2671 1400 2766 imperii
1419 2671 1465 2744 de
1490 2669 1753 2764 proprietatibus
1777 2669 1850 2741 suis
1873 2689 1935 2762 pro

534 2794 645 2866 salute
662 2814 725 2866 sua
748 2795 805 2868 vel
830 2804 1011 2890 parentum
1031 2817 1173 2870 suorum
1193 2797 1408 2870 contulerint.
1428 2797 1621 2868 Statuentes
1643 2801 1678 2867 ct
1698 2793 1793 2888 regia
1813 2803 1934 2864 ancto-

535 2914 633 2988 ritate
651 2915 805 2990 districte
822 2920 1048 3015 precipientes
1068 2933 1108 2992 nt
1127 2921 1212 2993 nulli
1230 2941 1384 3014 unquam
1402 2939 1549 3015 persone
1564 2919 1633 2992 alte
1648 2919 1705 2990 vel
1720 2918 1859 3010 humili,
1880 2938 1934 2990 ec-

536 3039 723 3114 clesiastica
749 3043 807 3116 vel
835 3045 1002 3136 seculari,
1028 3044 1158 3117 licitum
1180 3045 1226 3118 sit
1250 3045 1332 3117 hnic
1357 3043 1606 3118 confirmationi
1633 3063 1697 3116 seu
1724 3041 1931 3114 concessioni

535 3149 650 3238 nostro
666 3165 784 3262 aliquo
799 3167 1026 3264 improbitatis
1040 3190 1130 3242 ausu
1141 3168 1295 3242 obviare.
1315 3167 1415 3254 Quod
1430 3168 1492 3264 qui
1506 3169 1618 3242 lacere
1635 3165 1883 3263 presumpserit
1897 3165 1932 3236 in

536 3310 600 3362 sue
613 3291 880 3388 presumptionis
897 3313 1022 3388 penam
1041 3293 1136 3366 mille
1158 3294 1263 3368 libras
1278 3295 1355 3366 anri
1372 3292 1559 3367 examinati
1576 3299 1771 3388 componat,
1789 3310 1932 3384 quarum

534 3413 701 3488 medietas
719 3414 803 3489 lisco
821 3428 949 3510 nostro,
970 3417 1104 3513 reliqua
1116 3439 1201 3491 vero
1220 3417 1388 3491 medietas
1402 3415 1514 3512 passis
1531 3415 1691 3507 injuriam
1708 3413 1928 3509 persolvatur.

534 3535 591 3610 Ad
613 3541 711 3632 cujus
732 3541 782 3614 rei
802 3551 929 3615 certam
952 3542 988 3614 in
1014 3551 1188 3637 posterum
1210 3540 1435 3630 evidentiam,
1454 3549 1646 3637 presentem
1671 3537 1831 3633 paginam
1850 3557 1933 3609 con·

535 3659 638 3732 scribi
651 3662 818 3753 jussimus
835 3673 870 3738 et
886 3667 1071 3758 maiestatis
1087 3675 1201 3740 nostro
1217 3665 1310 3738 bulla
1325 3664 1531 3758 consignari.

585 3783 699 3856 Testes
724 3785 828 3880 hujus
854 3789 904 3861 rei
931 3799 1012 3860 sunt
1036 3788 1198 3862 Albertus
1220 3787 1516 3882 Maideburgensis
1540 3785 1836 3880 archiepiscopus,
1859 3785 1933 3854 Otto

534 3903 769 4001 Erbipolensis
788 3910 982 4006 episcopus,
1001 3912 1240 4006 Engelbardus
1252 3912 1534 4006 Nucnburgcnsis
1548 3911 1741 4007 episcopua,
1757 3905 1933 3980 Odalrarus

536 4051 600 4102 rex
616 4031 766 4122 Boamie,
790 4035 1006 4108 Hermannus
1021 4037 1236 4132 lantgravius
1252 4035 1455 4132 Thuringie,
1475 4034 1655 4108 [lidericus
1678 4031 1830 4106 marchio
1849 4031 1934 4102 llis-

536 4155 709 4249 senensis,
735 4177 850 4233 comes
878 4157 1057 4257 Adclphus
1082 4159 1127 4235 de
1151 4162 1425 4254 Schowenburc,
1447 4182 1561 4234 comes
1581 4159 1742 4232 Albertus
1765 4155 1811 4229 de
1829 4155 1934 4226 Ever-

535 4279 641 4373 stein,
662 4301 776 4356 comes
793 4284 986 4358 Fridericus
1005 4285 1050 4359 da
1065 4285 1305 4381 Bichelingen,
1326 4307 1441 4360 eomes
1458 4283 1639 4358 Heinricus
1659 4283 1705 4356 de
1724 4279 1930 4365 Suaraburc,

537 4405 697 4480 Albcrtus
713 4408 758 4481 de
772 4411 909 4504 Droizlr,
927 4413 1107 4486 Heinricus
1125 4413 1168 4486 de
1184 4411 1370 4502 Kamburc,
1388 4411 1567 4484 Heinricus
1585 4409 1629 4482 do
1642 4405 1768 4480 Widah
1785 4413 1820 4478 et
1835 4405 1934 4474 lrater

536 4549 641 4622 snus,
671 4531 832 4608 Albertns
858 4535 1067 4632 burgravius
1087 4533 1132 4610 de
1153 4532 1368 4625 Aldcnburc,
1388 4531 1567 4608 Heinricns
1591 4541 1627 4607 et
1652 4527 1870 4606 llberbardus
1892 4523 1935 4598 de

536 4651 647 4748 blilin,
664 4655 840 4732 Heinricus
858 4659 903 4734 de
919 4659 1179 4736 Krimaschovve
1196 4668 1231 4734 ct
1247 4659 1306 4734 alii
1323 4659 1556 4755 quamplures.
