4434 5942
266 537 425 618 lantrat]
718 532 915 594 HISTORIA
940 529 1231 592 ntrtortArtca
1640 533 1682 596 49

267 675 389 751 merita
409 673 601 762 ambone,
622 670 729 744 immo
747 670 899 766 preclara
920 689 1025 765 opera
1038 691 1114 740 sua.
1141 668 1247 740 Vobis
1260 675 1375 740 autam
1394 689 1474 740 aum
1493 687 1563 740 non
1578 689 1680 742 com-

267 799 413 890 mando,
433 797 517 892 quia
538 816 642 892 opera
665 817 729 868 sua
754 793 857 867 valde
881 793 972 866 bona
990 813 1071 866 enm
1095 792 1192 888 apud
1216 799 1364 866 vestram
1387 791 1679 884 magnificentiam

269 920 562 998 recommendant.

509 1197 1011 1212 *mauman-*-
1024 1197 1107 1204 ‹um--
1113 1197 1232 1206 om..-
1238 1195 1453 1204 --··—-----

329 1461 570 1546 Innocentius
588 1485 688 1570 papa
703 1457 938 1568 principibus
966 1454 1232 1566 Alamanniae,
1261 1455 1424 1568 Philippi
1451 1457 1684 1568 fautoribus,
1749 1482 1862 1590 ἐξὲξ]

274 1597 477 1706 respondet
495 1621 608 1705 super
625 1593 807 1678 electione
824 1593 995 1705 ejusdam
1017 1591 1207 1702 Philippi,
1225 1618 1339 1702 super
1360 1591 1513 1703 juribus
1539 1592 1688 1704 imperii

275 1729 567 1837 conservandis,
595 1753 709 1838 super
738 1727 981 1811 coronatione
1008 1713 1109 1838 regis'
1141 1725 1243 1836 apud
1274 1725 1436 1809 Romam
1462 1737 1499 1810 at
1526 1727 1691 1836 danique

276 1888 390 1972 super
407 1861 560 1974 negotio
576 1860 806 1966 Maroualdi3
826 1862 970 1970 dequo
988 1859 1150 1942 miratur
1175 1859 1281 1969 quod
1303 1885 1374 1968 pro
1401 1860 1474 1944 isto
1492 1861 1541 1944 ad
1560 1887 1600 1944 se
1616 1859 1690 1942 lit-

277 2005 378 2079 teras
395 1995 544 2079 mittere
561 2021 639 2080 non
657 1993 926 2078 dubitaverint.

358 2209 449 2286 (nott.
463 2228 512 2289 ap.
527 2211 663 2286 Brenn,
678 2209 776 2290 Epist.
795 2211 893 2272 innoc.
911 2211 971 2287 ΙΙΙ,
988 2217 1012 2272 4.
1031 2211 1062 2286 1,
1078 2227 1109 2288 p.
1127 2218 1197 2286 cet,
1213 2225 1252 2270 ex
1263 2207 1405 2273 runculo
1418 2211 1498 2273 dieto
1511 2211 1621 2293 licceat.
1637 2209 1692 2272 im-

396 2335 478 2399 par„
493 2327 526 2380 n·
543 2316 603 2397 15.)

328 2507 564 2597 Innocentius,
588 2513 672 2596 eta,
690 2503 908 2600 principibus
923 2503 1144 2594 Memnonia,
1164 2512 1230 2576 ate.
1255 2503 1379 2576 Littera
1405 2525 1475 2599 qua
1499 2504 1599 2598 nobis
1621 2505 1697 2578 lue·

281 2605 362 2704 runt
378 2653 425 2704 ex
441 2639 538 2728 parte
553 2628 788 2726 quorumdam
810 2637 965 2702 vestrum
983 2651 1044 2725 per
1062 2628 1226 2702 dilectum
1244 2625 1355 2700 filium
1381 2629 1420 2700 Ρ.
1442 2629 1598 2720 judicem
1613 2629 1698 2704 Pla-

282 2755 457 2828 centinum
483 2774 594 2850 nuper
618 2754 752 2846 oblate,
783 2752 965 2847 diligenter
983 2753 1272 2848 investigantibus
1296 2752 1333 2824 in
1360 2752 1479 2824 multis
1510 2773 1700 2848 apparuere

282 2887 459 2976 suspecta,
478 2881 569 2953 sicut
586 2877 681 2954 idern
701 2877 816 2972 judex
836 2878 899 2974 qui
918 2901 1041 2952 causas
1065 2878 1272 2974 suspicionis
1289 2900 1311 2950 a
1328 2877 1430 2950 nobis
1455 2877 1594 2950 audivit
1616 2877 1700 2951 riva

283 3027 370 3080 voce
386 3005 488 3080 vobis
505 3004 631 3102 poterit
647 3003 835 3100 explicare.
854 3003 1010 3088 Quatucr
1027 3011 1142 3077 autem
1156 3003 1308 3099 capitula
1321 3011 1509 3076 memorate
1522 3002 1634 3076 littere
1646 3001 1700 3100 (l)

283 3129 516 3227 principaliter
527 3127 748 3202 continebant
757 3125 805 3200 ad
816 3149 886 3222 que
899 3147 961 3224 per
973 3126 1130 3200 ordinem
1144 3127 1190 3200 da
1203 3134 1366 3200 consueta
1375 3125 1588 3216 benignitate
1601 3124 1702 3200 Sedis

283 3251 478 3350 Apostolice
492 3252 659 3327 duximus
673 3250 977 3348 respondendum:
991 3253 1027 3324 in
1043 3253 1155 3348 primo
1168 3251 1320 3348 capitulo
1334 3250 1594 3346 exprimebatur
1608 3272 1702 3345 quo-

284 3378 390 3454 modo
409 3378 507 3450 multi
529 3377 704 3474 principes
719 3375 923 3450 Alamannia
942 3377 1093 3450 nobilem
1109 3373 1226 3452 virum
1252 3375 1450 3472 Philippum
1467 3373 1593 3448 ducam
1611 3375 1702 3448 Sne-

285 3504 345 3576 via
360 3501 426 3576 sibi
444 3503 657 3600 prefecerunt
675 3522 737 3598 per
756 3501 958 3576 electionem
975 3501 1011 3574 in
1029 3522 1159 3596 ragam,
1176 3500 1234 3574 eui
1250 3499 1470 3596 postulabant
1486 3522 1507 3572 a
1525 3499 1626 3572 nobis
1642 3500 1702 3574 la-

285 3649 405 3701 vorem
425 3627 649 3723 apostolicum
673 3626 852 3723 impartiri.
870 3627 910 3698 ln
930 3626 1085 3700 secundo
1102 3625 1271 3719 rogabant
1288 3634 1328 3697 ut
1345 3646 1415 3698 non
1434 3623 1701 3698 extenderemus

286 3773 412 3824 manus
442 3760 575 3824 nostras
601 3748 648 3824 ad
676 3751 756 3843 jura
790 3750 928 3847 imperii
962 3773 1042 3824 cum
1071 3750 1218 3844 injuria,
1243 3771 1324 3823 oum
1352 3748 1418 3846 ipsi
1442 3750 1522 3842 jura
1550 3749 1702 3824 Ecclesia

286 3875 414 3949 vellent
440 3874 570 3949 illibata
595 3876 737 3949 servari.
758 3877 797 3948 ln
814 3876 915 3950 tertio
941 3875 1146 3948 intimabant
1162 3873 1258 3970 quod
1274 3875 1418 3946 Romam
1436 3885 1533 3948 erant
1550 3875 1585 3946 in
1603 3877 1701 3948 brevi

287 4000 425 4073 venturi
455 4022 517 4096 pro
544 4022 669 4074 corona
697 4001 833 4096 imperii
863 4001 993 4097 prelato
1020 4000 1179 4096 Philippo
1207 3999 1405 4073 solemniter
1431 4000 1632 4074 obtinenda.
1661 4001 1700 4072 ln

287 4134 411 4220 quarto
428 4125 614 4198 monebant
631 4137 670 4197 nt
685 4125 875 4199 marchioni
887 4125 939 4220 (2)
956 4133 1186 4223 prestaremus
1203 4124 1478 4198 benevolentiam
1495 4136 1529 4198 at
1546 4126 1699 4198 favorem

325 4383 365 4455 (4)
383 4383 434 4442 llic
445 4383 532 4458 agitur
541 4383 575 4441 dc
586 4383 681 4442 litteris
693 4383 885 4460 aprinoipibus
896 4383 1072 4442 Alamanniae
1082 4382 1192 4458 scriptis
1206 4383 1261 4458 (ap.
1271 4383 1390 4454 bracar,
1401 4380 1513 4453 Ibidem,
1522 4387 1543 4438 t.
1555 4383 1575 4453 l,
1587 4399 1616 4458 p.
1628 4383 1699 4457 cat),

290 4485 318 4538 et
330 4480 400 4538 daos
411 4481 518 4556 Spirae,
532 4481 556 4540 V
567 4481 621 4538 kal.
630 4482 709 4556 junii.
721 4483 760 4540 lte
773 4489 895 4556 tempore
912 4483 1043 4557 sagaciter
1055 4481 1201 4557 disputavit
1209 4481 1375 4539 Bcahmarus
1390 4480 1505 4556 (licceat.
1516 4483 1624 4556 imper„
1635 4481 1701 4540 rtr-

289 4575 367 4653 ltpp.,
380 4595 409 4653 p.
424 4581 469 4650 to,
482 4588 515 4635 n⁰
526 4579 584 4654 30);
597 4577 643 4654 qui
656 4579 684 4636 in
697 4581 867 4639 conclusione
879 4581 913 4639 ad
927 4597 990 4638 ann.
1005 4583 1074 4641 troc
1087 4581 1176 4656 potius
1187 4595 1269 4654 quam
1282 4583 1351 4638 rtet
1365 4579 1495 4638 concinit.

324 4675 360 4749 (t)
377 4676 1107 4751 minarummvattummochiotncmmsisetdux
1117 4679 1268 4738 moeonas.
1513 4751 1515 4758 Ι

370 4775 398 4839 1.
1527 4785 1544 4838 7
