4382 5946
548 526 610 590 308
1047 527 1258 592 intonaret
1283 529 1457 592 SECUNDI
1767 531 1847 614 [Amr.
1865 533 1949 596 1214

598 659 794 735 Fridericus
822 659 998 734 secundus
1029 661 1149 737 divina
1184 664 1322 738 favente
1353 663 1535 737 elementia
1566 665 1797 740 Romanorum
1823 689 1888 740 rex
1917 677 1953 740 et

549 807 686 880 semper
709 793 895 878 augustus,
916 794 951 858 et
965 805 1030 858 rex
1046 785 1181 878 Sicilie,
1202 787 1373 862 universis
1390 787 1553 861 fidelibus
1569 789 1705 886 imperii
1723 789 1770 865 ad
1787 811 1875 886 quos
1896 791 1952 862 lit·

547 919 620 984 tere
636 909 700 982 iste
718 908 939 1004 pervenerint
955 909 1100 1000 gratiam
1118 932 1217 983 suem
1235 919 1271 984 et
1286 933 1388 986 omne
1405 912 1550 986 bonnm.
1568 913 1704 988 Certum
1721 923 1774 988 est
1789 924 1825 988 et
1841 913 1952 988 indu-

546 1033 693 1106 bitatum
711 1033 807 1128 quod
824 1031 1000 1128 quidquid
1023 1033 1152 1106 metalli
1177 1033 1215 1106 in
1238 1034 1430 1108 visesribus
1451 1045 1541 1110 terre
1557 1057 1620 1131 per
1637 1045 1746 1110 totum
1768 1037 1949 1133 imperium

546 1157 776 1230 Romanorum
793 1157 973 1252 reperitur,
989 1157 1034 1230 de
1051 1157 1290 1253 antiquissimo
1303 1161 1383 1252 juro
1403 1159 1538 1256 imperii
1555 1158 1639 1234 fiseo
1654 1171 1770 1234 nostro
1780 1162 1900 1234 attinet
1915 1171 1949 1234 et

546 1279 685 1354 kamere
703 1277 892 1376 imperiali,
912 1279 979 1352 nisi
998 1281 1085 1354 forte
1102 1301 1167 1352 nos
1183 1303 1231 1355 ex
1247 1281 1463 1357 habundanti
1479 1283 1589 1378 made
1606 1293 1722 1357 nostra
1743 1284 1847 1358 alieni
1863 1283 1949 1358 iide-

544 1403 630 1476 lium
648 1412 841 1476 nostrorum
858 1402 941 1476 inde
958 1403 1092 1499 aliquid
1110 1407 1265 1480 conferre
1282 1407 1442 1482 velimus.
1460 1407 1697 1480 Intelleximus
1717 1407 1834 1502 itaque
1854 1407 1949 1502 quod

544 1529 581 1600 in
599 1527 809 1622 quibusdam
824 1526 981 1624 partibus
998 1528 1212 1604 brixinensis
1230 1530 1447 1627 episoopatns
1464 1531 1705 1628 repperiuntur
1721 1529 1875 1626 quedam
1893 1553 1947 1604 ar·

544 1651 757 1746 gentiiodine
774 1652 836 1724 ubi
854 1661 1033 1746 argentum
1050 1653 1122 1726 fodi
1139 1655 1254 1728 valeat
1269 1665 1305 1726 et
1321 1653 1481 1728 credatur
1498 1655 1658 1730 inveniri.
1681 1655 1750 1728 Noe
1770 1663 1885 1728 autem
1902 1655 1947 1728 de

542 1786 708 1850 eonsueta
720 1777 827 1868 regali
840 1777 1074 1852 benivolentia
1087 1778 1302 1852 attendentes
1312 1779 1433 1852 merita
1445 1776 1527 1852 fidei
1540 1800 1582 1852 ae
1597 1779 1740 1875 probate
1755 1776 1947 1852 devotionis

542 1923 613 1994 qua
635 1921 675 1974 se
696 1899 843 1974 dilectus
865 1899 1025 1995 princeps
1045 1909 1080 1974 et
1101 1899 1215 1974 fidelis
1237 1909 1353 1974 noster
1376 1900 1602 1985 Cbnnradus,
1624 1901 1808 1998 episeopus
1827 1901 1947 1974 Brixi-

542 2023 678 2116 uensis,
697 2022 824 2096 inolitis
848 2022 972 2096 nostris
989 2023 1266 2118 progenitoribus
1291 2024 1364 2097 suis
1386 2033 1523 2118 gratum
1541 2023 1697 2098 reddidit
1717 2033 1753 2097 et
1768 2033 1945 2118 eoosptum

542 2147 771 2245 temporibus,
796 2155 1148 2244 reoognoseentesque
1173 2149 1361 2222 honestetis
1387 2169 1451 2222 sue
1475 2148 1701 2242 iutegritatem
1723 2156 1758 2220 et
1781 2147 1945 2242 obsequia

540 2272 711 2365 maiestati
731 2281 846 2346 nostre
869 2270 964 2346 fideli
991 2271 1108 2345 studio
1125 2272 1171 2346 ab
1195 2272 1270 2368 ipso
1290 2272 1466 2366 exhibita,
1485 2271 1708 2346 eonoedimus
1730 2271 1795 2366 ipsi
1816 2271 1854 2344 C.
1872 2272 1944 2366 epi·

542 2418 649 2494 scopo
666 2405 702 2470 et
719 2397 975 2472 suecessoribus
992 2399 1065 2470 suis
1083 2406 1122 2470 ut
1141 2398 1216 2495 ipse
1233 2397 1280 2474 ed
1298 2419 1397 2471 suam
1414 2407 1450 2471 et
1466 2397 1610 2472 eeclesia
1627 2417 1692 2471 sue
1709 2396 1888 2470 utilitatem
1907 2396 1943 2467 in
2051 2483 2055 2490 ἱ

540 2521 609 2594 illis
624 2521 883 2616 argentifodiuis
901 2531 1082 2616 argentum
1100 2521 1172 2596 todi
1191 2523 1292 2596 faeiat
1310 2531 1345 2596 et
1362 2521 1517 2616 exquiri,
1539 2520 1732 2595 seeundum
1751 2521 1944 2594 oonoessio·

539 2667 619 2720 nem
635 2647 702 2743 ipsi
719 2647 882 2742 episcopo
896 2667 918 2718 a
933 2646 1042 2720 felicis
1059 2647 1223 2720 memorie
1240 2647 1313 2721 divi
1329 2647 1444 2744 patrui
1463 2645 1569 2718 nostri
1587 2647 1681 2739 regis
1694 2645 1843 2741 Philippi
1856 2645 1941 2716 libe·

537 2771 671 2844 relitete
699 2771 841 2862 sentem,
861 2793 966 2866 quam
991 2771 1094 2844 etiem
1115 2793 1178 2846 nos
1197 2771 1294 2866 regia
1317 2769 1560 2846 oonbrmemus
1583 2771 1795 2844 auctoritate.
1814 2771 1943 2842 Damus

537 2895 641 2968 etiarn
671 2894 842 2967 licentiam
867 2895 1163 2968 etauctoritatem
1189 2897 1321 2992 prefato
1347 2895 1385 2967 C.
1410 2893 1606 2968 brixinensi
1628 2895 1789 2990 episeopo
1814 2903 1849 2966 et
1871 2893 1942 2964 suis

537 3017 793 3090 suecessoribus
804 3026 843 3090 ut
855 3017 1153 3114 ipsi,ubioumque
1167 3018 1205 3092 in
1218 3019 1419 3115 episeopetu
1433 3039 1497 3092 suo
1512 3027 1692 3112 argentum
1705 3017 1741 3088 in
1753 3015 1942 3090 visemibns

535 3150 625 3214 terre
641 3141 778 3216 valeant
789 3141 950 3239 reperire,
964 3141 1107 3216 fodiant.
1117 3143 1167 3216 lte
1181 3151 1296 3218 tamen
1306 3142 1402 3238 quod
1419 3151 1454 3216 et
1469 3163 1534 3216 noa
1546 3141 1583 3214 in
1598 3141 1825 3238 proventibus
1837 3139 1867 3212 si
1879 3139 1939 3235 qui

536 3265 666 3342 exinde
682 3266 909 3363 proveniunt,
929 3289 1046 3342 seeum
1064 3267 1111 3342 ad
1128 3267 1284 3342 medium
1302 3268 1492 3342 debeamus
1508 3267 1724 3364 participare.

584 3393 709 3466 Datum
735 3391 852 3484 Ulmo,
881 3413 973 3468 anno
999 3391 1135 3467 Domini
1159 3393 1340 3468 millesimo
1371 3391 1432 3468 OC.
1459 3392 1573 3486 Xllll,
1598 3392 1629 3465 V
1653 3389 1819 3465 kelendes
1841 3389 1937 3483 julii,

535 3515 723 3591 indietione
740 3518 907 3591 secunda.

583 3639 656 3735 ligo
674 3640 894 3736 chunradus,
913 3642 976 3715 Dei
994 3643 1103 3738 gretia
1122 3643 1283 3718 Metensis
1300 3651 1335 3716 et
1352 3642 1522 3740 Spirensis
1537 3641 1740 3740 episeopus,
1758 3637 1940 3735 imperialis

536 3764 616 3839 aule
633 3763 875 3856 cancellarius,
895 3767 1093 3862 recognovi.

218 4331 224 4344 ¹
368 4383 461 4439 mm,
585 4363 818 4466 Friderious,
837 4361 1097 4447 Romanorum
1115 4387 1202 4467 rex,
1222 4359 1353 4442 domui
1377 4359 1535 4441 Sanctae
1561 4355 1700 4442 Mariae
1723 4349 1936 4436 Theutoni-

363 4439 463 4496 m
531 4523 665 4584 eorum
682 4497 784 4608 apud
802 4495 1066 4580 Donaverdam
1083 4493 1268 4605 capellam
1282 4491 1391 4603 juxte
1417 4500 1571 4602 pontem
1588 4485 1753 4574 Danubii
1770 4491 1938 4568 exstruo-

531 4641 611 4715 ram
627 4630 745 4715 donet
758 4638 796 4714 et
812 4628 996 4716 ooueedit.
