4334 5980
226 567 328 630 lenior.
345 565 387 642 l.]
678 561 877 624 sustollis
901 557 1192 623 oiatouaricn.

475 831 1182 846 nn—-a-——Q-o-—nuo--u--n———u-
1191 827 1392 840 *nnn-*1¹-

286 1073 527 1178 Constantia,
552 1072 811 1156 Romanorum
838 1067 971 1178 regina
1001 1077 1038 1150 et
1065 1067 1233 1173 Siciliae,
1260 1095 1338 1150 una
1367 1093 1456 1152 cum
1478 1067 1639 1152 ilenrico

228 1235 318 1320 rege
346 1206 494 1289 Siciliae
519 1204 600 1287 lilio
625 1230 710 1307 suo,
732 1201 947 1308 [Goalterio]
975 1200 1203 1283 Cathanensi
1229 1201 1403 1308 episcopo
1429 1210 1467 1283 ct
1493 1199 1641 1283 Siciliae

228 1339 454 1423 cancellario
467 1345 621 1447 propter
634 1334 896 1445 oppressiones
915 1332 964 1414 ab
977 1331 1060 1442 ejus
1073 1332 1229 1416 ecclesia
1244 1359 1454 1442 perpessas,
1470 1342 1639 1416 castrum

229 1471 542 1577 Calatabianum‚
557 1469 643 1552 loco
655 1478 694 1550 et
709 1468 790 1551 vice
807 1465 951 1550 domini
971 1465 1042 1549 riri
1060 1466 1140 1572 sui,
1161 1465 1332 1549 concedit
1345 1475 1382 1549 et
1398 1465 1609 1548 confirmat.

314 1658 414 1734 (lidld.
429 1658 467 1720 n.
482 1658 616 1730 Pisana,
631 1651 715 1718 sest.
730 1669 830 1730 soma,
842 1659 917 1716 tom.
931 1653 964 1730 1,
978 1669 1011 1731 p.
1022 1661 1169 1728 tieem
1185 1668 1273 1732 mem
1286 1653 1513 1716 evidentioribus
1525 1653 1640 1716 mendis

348 1780 429 1826 nunc
442 1763 696 1842 expurgavimus.)
1313 1761 1316 1771 ’

277 1928 473 2002 Constantia
485 1927 606 2002 divina
619 1927 757 2001 invente
769 1924 950 1999 elementia
961 1925 1191 1998 Romanorum
1204 1922 1337 2016 regina,
1349 1943 1483 2018 semper
1495 1934 1641 2018 augusta

227 2063 264 2128 et
279 2054 400 2148 regina
418 2052 552 2144 Sicilie,
570 2072 640 2125 una
653 2072 733 2124 aum
750 2049 928 2124 carbsimo
946 2047 1017 2122 filio
1037 2069 1101 2122 suo
1114 2046 1261 2121 llennco
1280 2047 1404 2120 illustri
1419 2068 1501 2142 rego
1513 2048 1638 2140 Sicilie,

228 2179 377 2252 ducatus
394 2177 521 2273 Apulia
537 2185 573 2250 et
589 2174 802 2272 principatus
817 2173 946 2268 Capua.
962 2173 1058 2246 Licet
1081 2193 1127 2246 ax
1147 2171 1320 2246 commissi
1338 2172 1439 2248 nobis
1453 2195 1536 2247 cura
1550 2175 1640 2269 regi-

228 2301 333 2374 minis
349 2301 513 2374 ecelesias
528 2300 709 2372 universas
724 2297 824 2392 regni
846 2297 954 2370 nostri
979 2297 1094 2370 Sicilie
1116 2305 1311 2392 pmtegere,
1328 2297 1447 2370 lovere
1463 2319 1505 2370 ao
1519 2301 1642 2371 nocuis

228 2425 332 2498 etiam
348 2425 538 2500 debeamus
555 2421 733 2498 beneficiis
746 2417 932 2518 ampliare,
952 2443 1022 2517 que
1035 2431 1150 2494 omen
1163 2442 1231 2518 ope
1246 2430 1280 2494 et
1293 2421 1419 2518 opibus
1438 2423 1642 2518 progenito-

228 2573 306 2624 rum
325 2549 456 2624 domini
474 2549 542 2622 viri
560 2548 667 2620 nostri
681 2558 761 2620 sunt
778 2544 886 2645 [cum]
905 2545 1090 2620 devotione
1102 2547 1264 2638 lundata,
1279 2554 1374 2620 tanto
1391 2547 1507 2642 potius
1525 2557 1640 2622 nosue

228 2683 311 2748 sunt
324 2675 434 2770 gratie
448 2673 690 2768 largitionibus
700 2671 898 2767 amplianda
913 2680 1043 2766 quanta
1056 2671 1262 2766 propensius
1278 2672 1475 2744 successiva
1486 2672 1638 2766 quadm

228 2797 338 2893 ipsius
352 2797 483 2871 domini
493 2797 562 2872 viri
574 2795 681 2870 nostri
697 2795 883 2870 devotione
895 2805 1074 2890 parentum
1086 2794 1133 2867 ad
1145 2817 1264 2870 aarum
1278 2796 1459 2904 commoda
1471 2797 1639 2890 trahimur

229 2931 264 2998 et
276 2924 312 2996 in
324 2922 377 2996 eis
387 2921 613 3017 obsequende
624 2929 739 2994 nostre
750 2921 823 3016 spei
834 2919 988 3015 gerimus
998 2918 1262 3016 potioremlsic).
1276 2921 1636 3016 llapropterquiaCa-

228 3045 443 3120 thaniensem
461 3045 676 3119 ecclesiama
692 3045 970 3141 progenitoribus
991 3045 1122 3118 domini
1142 3045 1209 3118 viri
1234 3045 1341 3118 nostri
1364 3045 1542 3120 fundatam
1561 3070 1637 3122 asse

228 3172 454 3267 cognorim
468 3179 503 3244 et
518 3169 654 3265 magnis
671 3168 850 3243 beneficiis
865 3169 1033 3258 dotatam,
1043 3169 1091 3243 ad
1104 3169 1364 3256 indemnitatem
1379 3173 1456 3265 ejus
1470 3193 1512 3245 eo
1525 3174 1636 3268 magis

228 3296 449 3390 benignitatis
464 3304 579 3368 nostre
596 3291 751 3367 studium
768 3293 936 3368 (lebetone
953 3316 1127 3390 apponere
1145 3290 1269 3391 [quod]
1287 3293 1353 3367 sibi
1370 3304 1405 3367 et
1420 3296 1553 3370 ratione
1568 3319 1637 3370 ser·

229 3419 305 3492 vitii
318 3418 414 3514 quod
433 3417 595 3493 dominus
613 3427 728 3492 noster
746 3417 801 3491 vir
817 3429 852 3491 et
874 3439 937 3492 nos
955 3419 1082 3515 pariter
1098 3419 1144 3492 ab
1159 3441 1201 3492 ea
1219 3418 1351 3514 mande
1371 3421 1585 3516 suscepimus
1601 3433 1636 3495 et

224 3544 303 3637 jora
325 3541 538 3618 lundationis
555 3551 713 3616 tenemur
737 3541 921 3617 dovotione
946 3543 1078 3637 majori.
1105 3543 1261 3636 Cumque
1284 3543 1398 3618 dictos
1421 3543 1583 3619 dominus
1603 3555 1638 3620 et

227 3667 284 3740 vir
312 3677 429 3742 noster
459 3676 494 3740 et
527 3687 591 3740 nos
621 3688 702 3740 oum
732 3689 775 3741 eo
803 3667 938 3742 dudum
963 3667 1138 3742 cluniam
1164 3668 1403 3758 venissemus,
1441 3669 1637 3744 celsitudini

221 3799 342 3864 nostm
357 3791 453 3884 mgis
467 3790 618 3864 innotuit
631 3798 702 3864 tam
724 3789 889 3864 retauone
906 3800 1096 3864 conventos
1111 3790 1221 3886 ipsius
1238 3789 1475 3865 Cathaniensis
1495 3794 1639 3868 ecclesie

227 3936 333 4011 quam
350 3916 452 3990 etiam
469 3925 662 3989 nostrorum
677 3914 832 3990 iideiium
845 3916 1033 3990 assertione
1046 3916 1233 3989 multomm
1244 3915 1340 4012 qood
1354 3937 1468 3990 comes
1479 3917 1637 4012 Pogonus

227 4049 261 4114 et
283 4061 398 4115 comas
420 4040 616 4114 Gualtorius
639 4039 685 4113 de
706 4039 837 4114 Parisio
855 4040 965 4136 ipsam
981 4039 1241 4114 catheniensem
1258 4041 1436 4114 ecclesiam
1454 4042 1542 4112 ultra
1557 4061 1636 4114 mo·

227 4165 311 4238 dum
329 4165 365 4237 in
383 4165 485 4238 bonis
499 4164 574 4238 suis
591 4185 673 4259 sepe
690 4163 808 4260 sepius
830 4164 1103 4260 exspoliaverint
1121 4175 1156 4238 et
1179 4165 1373 4259 frequenter
1390 4164 1576 4238 alllixeriot
1591 4163 1634 4237 fi-

229 4287 323 4364 deles
339 4289 450 4385 ipsius
468 4289 611 4362 ecclesie
636 4309 698 4385 per
718 4289 879 4363 incursus
902 4289 1068 4384 plurimos
1094 4298 1129 4362 et
1154 4289 1294 4384 rapinas
1309 4290 1493 4381 violentas,
1513 4297 1634 4364 contro

222 4418 455 4509 juramentum
471 4414 578 4510 patris
591 4435 662 4508 qno
679 4414 746 4510 ipsi
763 4413 877 4488 eidem
895 4413 1111 4486 Cathaniensi
1133 4413 1277 4486 ecclesio
1301 4423 1336 4486 et
1360 4413 1471 4510 ipsius
1493 4413 1637 4490 ecclesie

227 4539 457 4634 burgensibus
468 4539 687 4611 tenebantur.
702 4537 840 4611 Interim
851 4546 968 4611 autem
980 4537 1103 4610 comite
1114 4535 1286 4610 Gnalterio
1298 4537 1434 4611 sublato
1447 4536 1631 4633 demedio,

226 4685 307 4736 cnm
329 4684 376 4736 ex
401 4661 578 4736 demeritis
595 4662 866 4758 pervasioneque
881 4662 1017 4736 comitis
1031 4661 1160 4756 Pagani
1182 4661 1328 4736 voluerit
1344 4661 1507 4737 dominns
1527 4675 1562 4738 at
1578 4665 1634 4742 vir

1693 1145 1719 1188 ln
1728 1146 1818 1189 civitate

1692 1199 1819 1251 Meuanas,

1712 1253 1798 1296 martie.
