4434 5942
477 517 520 580 so
978 506 1196 584 rnruuurcr
1223 521 1398 584 sacuam
1701 524 1785 603 [aas.
1804 525 1894 589 rsoo.

480 674 545 726 nec
557 654 590 727 ei
603 654 841 728 resistentibus
853 657 1024 730 auxilium
1037 658 1273 754 preberemus.
1286 658 1356 732 Nos
1372 665 1501 746 autem,
1516 657 1606 730 siem
1621 658 1782 754 paralius
1794 659 1897 732 vobis

479 778 609 851 litteras
626 780 848 854 meminimus
859 782 995 876 plenius
1016 783 1205 872 intimasse,
1226 805 1330 880 super
1348 781 1607 876 discordiaque
1623 783 1713 856 inter
1729 805 1795 858 vos
1815 805 1896 880 pec-

482 902 568 974 catis
585 903 807 997 exigentibus
822 915 874 978 est
891 907 1032 979 suborta
1046 916 1189 1001 paterna
1208 908 1446 1003 compassione
1461 906 1632 997 dolemus,
1648 929 1727 980 oum
1751 929 1799 982 ex
1820 909 1897 1005 ipsa

479 1027 547 1098 nisi
572 1028 665 1100 Deus
690 1031 852 1102 averterit
876 1031 982 1103 multa
1005 1029 1250 1126 provideamus
1272 1033 1424 1128 pericula
1441 1041 1663 1128 proventura.
1684 1031 1896 1106 Audivimus

480 1161 595 1224 tamen
610 1163 643 1224 et
654 1153 775 1226 merita
790 1155 975 1227 electorum
987 1164 1021 1227 et
1035 1155 1150 1228 studia
1167 1156 1368 1250 eligentium
1388 1155 1573 1230 :videlicet
1583 1156 1663 1251 quis
1678 1166 1713 1230 et
1729 1157 1855 1252 qualis,
1873 1179 1895 1232 a

477 1276 606 1370 quibus
620 1285 654 1350 et
662 1278 811 1373 qualiter
824 1278 868 1350 sit
882 1279 1022 1371 electus,
1039 1279 1101 1350 ubi
1117 1287 1152 1350 et
1165 1300 1186 1351 a
1199 1300 1270 1375 quo
1289 1279 1392 1352 etiam
1407 1289 1602 1371 coronatus,
1621 1289 1661 1351 ut
1677 1301 1747 1352 nou
1756 1281 1895 1376 penitus

477 1399 676 1495 ignoremus
690 1403 720 1475 si
736 1403 792 1475 cui
808 1404 906 1476 lavor
923 1403 967 1474 sit
990 1403 1198 1500 apostolicus
1215 1403 1484 1500 impendendus.
1504 1405 1657 1476 Fuerunt
1680 1415 1796 1476 autom
1810 1405 1895 1498 qui-

477 1525 557 1598 dam
579 1527 737 1602 homiues
763 1529 961 1624 pestilentes
978 1537 1014 1601 et
1028 1527 1145 1602 adhuc
1163 1530 1261 1601 multi
1285 1512 1366 1602 sunl
1382 1530 1468 1603 tales
1486 1529 1547 1624 qui
1564 1551 1742 1626 nunquam
1766 1530 1894 1602 vellent

476 1649 597 1724 videre
611 1652 828 1728 concordiam
854 1653 942 1726 iuter
957 1653 1144 1726 Ecclesiam
1163 1662 1197 1726 et
1216 1654 1413 1749 imperium,
1435 1663 1475 1726 ut
1491 1653 1633 1726 liberius
1652 1676 1733 1727 suas
1754 1662 1894 1752 possent

478 1776 616 1872 iniquas
639 1775 804 1874 perficere
824 1779 1036 1872 voluntates,
1056 1779 1259 1852 mentientes
1285 1778 1381 1874 quod
1406 1800 1470 1852 nos
1497 1779 1543 1854 ad
1570 1779 1836 1852 diminutionem
1860 1787 1896 1850 et

479 1899 736 1999 depressionem
760 1904 895 2002 imperii
911 1904 1069 2000 nequiter
1086 1905 1301 1999 laboremus,
1328 1927 1408 1978 cum
1433 1905 1550 2002 potius
1575 1903 1621 1977 ad
1644 1905 1894 2001 promotionem

479 2035 514 2099 et
527 2028 822 2102 conservationem
838 2029 948 2126 ipsius
964 2029 1146 2103 efficaciter
1161 2029 1399 2123 intendamus;
1415 2030 1499 2126 quia
1516 2031 1595 2102 licet
1612 2029 1755 2126 quidam
1775 2029 1894 2126 impe-

479 2161 608 2226 ratores
621 2153 809 2258 Ecclesiam
827 2155 1049 2230 vehementer
1066 2156 1267 2250 afflixerint,
1284 2157 1343 2230 alii
1361 2166 1477 2230 tamen
1489 2176 1565 2230 eam
1577 2154 1811 2251 multipliciter
1823 2155 1894 2228 ho-

478 2287 656 2351 norarunt.
669 2277 785 2375 Atque
797 2279 929 2352 utinam
944 2280 992 2354 ita
1005 2280 1106 2353 nobis
1120 2281 1272 2354 Ecclesia
1286 2281 1365 2373 jura
1379 2289 1515 2354 servata
1533 2280 1680 2356 luissent
1694 2279 1791 2354 illesa
1804 2279 1894 2352 sicut

477 2424 541 2476 nos
560 2403 695 2499 imperii
713 2403 876 2477 volumus
894 2405 1025 2478 illibata
1036 2404 1116 2496 jura
1132 2404 1282 2493 servari,
1303 2405 1385 2498 quia
1402 2405 1453 2477 sic
1473 2405 1553 2499 jura
1567 2412 1682 2477 nostra
1699 2413 1735 2477 et
1749 2425 1894 2502 recupe-

478 2549 555 2600 rare
579 2529 742 2602 volumus
764 2537 798 2602 et
820 2551 957 2602 servare
982 2537 1021 2603 ut
1043 2529 1156 2602 aliena
1175 2549 1240 2601 nec
1264 2528 1431 2602 invadere
1455 2549 1520 2601 nec
1543 2527 1713 2624 impedire
1729 2529 1891 2602 velimus.

479 2653 564 2726 Cum
582 2661 697 2726 autem
714 2653 901 2749 imperialis
918 2675 1044 2727 corona
1066 2654 1110 2726 sit
1132 2676 1152 2726 a
1169 2655 1323 2726 Romano
1346 2651 1508 2748 pontifice
1533 2651 1754 2726 concedenda
1772 2674 1814 2727 eo
1830 2653 1895 2727 rite

481 2777 579 2875 prius
597 2779 704 2851 electo
722 2778 759 2850 iu
778 2779 969 2874 principem
988 2787 1023 2851 et
1040 2777 1137 2874 prius
1155 2778 1191 2850 iu
1210 2799 1327 2873 regem
1346 2777 1499 2871 legitime
1517 2787 1690 2870 coronato,
1711 2777 1814 2850 talem
1838 2798 1893 2850 se·

479 2902 634 2976 cundum
661 2903 838 2997 antiquam
865 2914 899 2976 et
925 2903 1150 2999 approbatam
1176 2902 1461 2977 consuetudinem
1486 2901 1633 2976 libenter
1659 2900 1705 2975 ad
1732 2923 1894 2976 coronam

481 3027 738 3123 suscipiendam
752 3025 969 3116 vocabimus,
988 3036 1022 3099 et
1040 3027 1084 3098 iis
1108 3024 1153 3100 de
1169 3047 1265 3100 more
1286 3027 1446 3122 perlectis
1472 3047 1542 3120 que
1571 3025 1618 3099 ad
1640 3027 1894 3101 damnationem

481 3151 645 3248 principis
668 3151 870 3245 exiguntur,
901 3173 977 3224 eam
1005 3149 1072 3223 sibi
1099 3151 1235 3224 lavante
1260 3151 1407 3224 Domino
1437 3151 1632 3225 solemniter
1662 3151 1890 3223 conseramus.

478 3276 630 3373 Dignum
645 3297 729 3351 vcro
746 3276 969 3372 responsione
983 3297 1053 3349 non
1071 3274 1246 3349 credimus
1260 3275 1357 3370 quod
1372 3275 1539 3372 scriptum
1555 3275 1621 3347 luit
1637 3295 1742 3372 super
1754 3275 1895 3369 negotio

478 3403 703 3495 marchionis,
721 3423 801 3475 cum
819 3401 849 3474 si
872 3401 1007 3497 plenius
1028 3401 1070 3472 iis
1091 3401 1152 3495 qui
1178 3401 1389 3497 scripserunt
1410 3400 1487 3494 ejus
1501 3399 1666 3495 iniquitas
1689 3409 1723 3472 et
1747 3397 1894 3497 perfidia

478 3528 688 3626 patuissent,
706 3549 774 3600 non
792 3546 854 3622 pro
869 3525 962 3622 ipso,
981 3525 1043 3599 sed
1062 3535 1180 3599 contra
1198 3528 1312 3624 ipsum
1332 3546 1396 3599 uos
1412 3526 1613 3599 debuissent
1627 3515 1786 3622 persnas
1804 3525 1894 3599 litte·

478 3675 535 3726 ras
553 3673 715 3743 exorare;
736 3651 820 3747 quia
832 3653 1028 3745 juramenta
1043 3653 1206 3748 quoiam
1229 3651 1328 3724 tertio
1343 3649 1444 3724 nobis
1459 3647 1619 3724 exhibuit
1632 3657 1796 3744 tanquam
1811 3672 1896 3746 per-

481 3775 575 3850 fidus
590 3777 748 3870 violavit,
769 3783 873 3870 atque
890 3798 1035 3871 regnum
1053 3775 1169 3849 Sicilie
1186 3773 1283 3870 quod
1300 3775 1346 3848 ad
1360 3775 1469 3868 juset
1486 3772 1727 3870 pmprietatem
1746 3772 1895 3870 Aposto-

478 3903 544 3974 lice
561 3900 660 3976 Sedis
674 3921 743 3975 non
759 3912 812 3973 est
830 3899 977 3974 dubium
994 3901 1180 3996 pertinere,
1198 3907 1315 3972 contra
1331 3897 1530 3972 fidelitatem
1551 3905 1586 3971 et
1609 3897 1802 3972 hominium
1825 3921 1895 3995 que

478 4027 606 4101 lecerat
624 4025 799 4099 carissimo
817 4024 853 4096 iu
876 4024 1008 4098 Christo
1033 4022 1105 4098 filio
1127 4032 1243 4097 nostro
1266 4021 1441 4096 Friderico
1466 4022 1591 4094 illustri
1610 4023 1684 4118 regi
1702 4023 1817 4096 Sicilie
1833 4046 1895 4097 ra-

481 4153 575 4226 tione
594 4161 683 4225 terre
703 4172 808 4246 quam
827 4148 967 4222 tenebat
988 4149 1024 4221 in
1043 4169 1167 4245 regno,
1189 4157 1224 4221 et
1242 4146 1342 4220 nobis
1362 4155 1397 4220 et
1421 4143 1487 4243 ipsi
1506 4145 1709 4219 moliebatur
1735 4149 1891 4241 auferre,

481 4281 602 4353 volens
620 4299 658 4351 se
677 4277 807 4372 ipsum,
828 4276 917 4348 sicut
946 4283 1119 4371 procerte
1140 4274 1382 4366 cognovimus,
1405 4273 1518 4345 lacere
1542 4293 1678 4367 regem3
1706 4274 1766 4368 qui
1794 4277 1895 4369 cujus

481 4403 688 4478 conditionis
713 4401 856 4494 existat,
877 4411 994 4474 vestra
1021 4399 1205 4495 prudentia
1231 4419 1300 4470 nou
1326 4397 1472 4492 ignorat.
1496 4397 1635 4492 Pmpter
1661 4397 1758 4491 quod
1789 4409 1823 4471 et
1849 4399 1895 4472 ab

481 4530 599 4604 inclite
615 4526 862 4602 recordatiouis
880 4524 1075 4599 Constantis
1099 4522 1313 4619 imperatrice
1340 4523 1465 4598 meruit
1488 4522 1627 4619 publice
1653 4521 1804 4597 diffidari
1820 4532 1895 4598 eta

483 4654 584 4728 nobis
597 4661 736 4752 pmptar
751 4652 817 4726 hcc
834 4660 869 4724 et
883 4651 951 4725 alis
964 4649 1114 4724 facinora
1132 4669 1201 4743 que
1217 4647 1405 4744 ingrarem
1422 4646 1558 4746 imperii
1576 4647 1746 4720 commisit
1756 4656 1791 4721 et
1802 4667 1895 4720 com·
