4378 5954
246 569 345 630 uum.
360 565 423 644 tt]
696 557 894 622 HISTORIA
919 558 1213 624 erchenarius
1600 559 1658 620 137

246 701 408 778 metionis
435 696 634 772 memoriam
660 705 694 770 et
720 694 878 770 durabile
902 692 1173 787 firmamentum,
1194 716 1334 792 presens
1359 693 1580 790 privilegium
1597 715 1659 790 por

248 846 372 900 manus
391 822 528 898 Andros
547 820 671 894 notarii
688 831 724 895 ot
745 819 859 894 fidelis
882 819 988 892 nostri
1012 820 1117 894 scribi
1141 831 1176 895 et
1201 819 1387 914 maiestatis
1406 827 1523 894 nostre
1548 819 1660 916 sigillo

249 950 460 1048 precipimus
477 945 694 1038 communiri,
712 965 816 1034 anno,
833 965 953 1018 mense
970 954 1004 1019 ot
1017 944 1206 1019 indictione
1221 944 1437 1042 subscriptis.

300 1075 426 1148 Datum
445 1071 483 1144 in
502 1071 589 1144 urbe
607 1069 697 1144 felici
713 1069 872 1144 Panormi
896 1090 959 1165 per
979 1091 1101 1142 manus
1119 1069 1282 1144 Gualterii
1299 1069 1530 1143 Panormitani
1550 1069 1659 1144 archi·

251 1192 480 1296 episcopi(l),
492 1194 590 1290 regni
600 1193 715 1268 Sicilie
728 1193 934 1285 cancellarii,
945 1215 1037 1267 anno
1050 1193 1223 1270 dominice
1233 1194 1477 1268 incarnationis
1485 1193 1660 1286 MCCVIII,

254 1343 373 1398 meuse
382 1321 477 1414 julii,
494 1319 543 1392 xl
564 1315 769 1408 indictione,
788 1318 886 1413 regni
903 1339 985 1392 vcro
1003 1317 1134 1393 domini
1149 1317 1255 1392 nostri
1272 1318 1434 1393 Friderici
1451 1318 1572 1392 divina
1588 1341 1664 1414 gra·

254 1447 304 1522 tio
327 1445 466 1542 gloriosi
488 1443 581 1540 regis
602 1443 733 1536 Sicilie,
750 1441 900 1516 ducatus
921 1440 1064 1540 Apollo,
1086 1443 1296 1540 principatus
1319 1443 1454 1541 Copae,
1480 1465 1572 1518 anno
1596 1443 1662 1533 xl,

256 1570 410 1645 feliciter.
427 1567 550 1644 Amen

312 1977 553 2062 Innocentius
578 2004 678 2090 papa
705 1977 835 2064 Ottoni
861 1979 1120 2064 Romanorum
1146 1979 1226 2090 regi
1245 1980 1374 2066 scribit
1390 2009 1450 2092 se,
1470 1981 1667 2094 [Philippo]
1693 1985 1817 2082 ,obli

259 2107 344 2220 ejus
361 2111 576 2194 adversario
593 2111 744 2195 sublato
761 2113 810 2196 de
827 2113 953 2196 medio
971 2110 1050 2224 (2),
1070 2113 1120 2196 ad
1138 2115 1414 2224 promotionem
1432 2113 1515 2226 ejus
1533 2115 1668 2199 effica-

260 2242 354 2326 citer
369 2243 563 2328 intenderc
580 2255 617 2330 et
634 2243 835 2358 diligenter
851 2272 1074 2355 praecavere
1091 2272 1139 2330 ne
1155 2257 1289 2331 contra
1309 2274 1399 2332 eum
1418 2248 1517 2334 alius
1539 2253 1671 2333 susci-

261 2385 377 2483 tetur,
406 2375 581 2486 quamvis
607 2404 725 2488 nepos
756 2379 876 2490 ipsius
903 2377 1064 2489 Philippi
1092 2379 1251 2486 [scilicet
1275 2381 1505 2490 Fridericus]
1527 2382 1610 2494 jem
1637 2384 1672 2467 ei

263 2511 523 2596 adversarium
541 2538 582 2596 se
598 2525 778 2624 opponat.

1694 2049 1875 2152 [tnuffiffii

345 2698 443 2774 (iidld.
457 2699 589 2774 eruum,
603 2717 641 2762 ex
655 2701 773 2781 begeat.
784 2701 903 2779 Impen,
915 2703 947 2762 ln
959 2701 1057 2780 Epist.
1071 2702 1171 2763 Ianos.
1187 2701 1248 2776 111,
1262 2707 1285 2763 l.
1302 2703 1332 2776 1,
1346 2719 1377 2780 p.
1389 2703 1473 2782 tta.)

315 2857 456 2958 [Datum
475 2859 571 2957 apud
587 2863 750 2934 Sanctum
768 2857 1041 2960 Germanum...]

304 3115 340 3189 (ll
359 3117 390 3174 ln
400 3117 453 3176 boc
463 3117 624 3175 documento
637 3117 790 3177 Gunltsrius
802 3118 837 3176 de
849 3118 940 3176 Pulcer
953 3117 1040 3193 prima
1053 3123 1081 3176 et
1095 3133 1147 3175 uua
1165 3117 1224 3176 vioe
1237 3115 1454 3193 archiepiscopus
1474 3119 1677 3178 Panormitanus

268 3213 427 3272 intitulatur.
437 3215 522 3274 Valde
534 3220 624 3274 tamen
637 3215 813 3274 dubitandum
833 3222 876 3275 est
896 3231 931 3274 an
949 3215 1021 3291 apud
1037 3213 1164 3288 originale
1183 3215 1220 3273 ita
1235 3215 1328 3286 luerit,
1343 3232 1405 3274 cum
1423 3215 1588 3275 Gualterium
1609 3233 1679 3273 nun·

268 3327 351 3386 quam
364 3313 393 3370 in
404 3312 635 3388 archiepiscopatu
650 3313 838 3374 Panormitano
848 3319 1033 3374 cousecrabrm
1050 3312 1200 3384 videamus,
1210 3319 1238 3370 et
1251 3313 1362 3388 insuper
1376 3314 1406 3371 in
1424 3314 1611 3373 reformatione
1625 3313 1679 3372 Ge-

269 3409 341 3468 rardi
354 3409 495 3468 emdndb
507 3427 590 3486 supro
600 3417 763 3484 memorata,
780 3427 811 3470 se
824 3411 912 3486 ipsum
924 3411 1078 3470 Gualterius
1090 3416 1121 3469 ut
1134 3409 1211 3470 testis
1229 3409 1421 3485 subscripserit
1438 3427 1501 3470 cum
1515 3411 1568 3470 boc
1581 3413 1678 3474 uolo:

269 3509 327 3582 Epo
340 3507 499 3566 Gnoltorlus
516 3509 568 3566 Dei
584 3515 609 3568 et
625 3510 722 3584 protlu
739 3511 816 3584 nepio
836 3509 997 3568 camme
1015 3507 1111 3566 electae
1131 3514 1158 3566 et
1178 3509 1256 3581 repeti
1274 3507 1374 3566 Stctlte
1393 3508 1581 3569 coomllert'os.
1598 3511 1680 3583 ibid,

270 3605 474 3679 p.lttl⁹.bdest
483 3611 623 3680 practerea
637 3622 682 3680 ap.
695 3606 795 3664 Beluae
807 3605 919 3680 epistola
933 3603 1095 3680 pontificalis
1106 3604 1194 3662 sidem
1202 3605 1303 3678 scripta
1316 3604 1388 3680 apud
1401 3605 1626 3680 Ferentinum,2t
1634 3624 1679 3667 oc·

269 3702 492 3778 tabulataque
504 3704 579 3762 illum
589 3705 747 3780 episcopum
759 3703 937 3764 Qunenssm
949 3709 1038 3775 vocat,
1053 3704 1132 3777 eiquo
1145 3701 1294 3777 ustulatur
1304 3703 1377 3777 quod
1389 3703 1591 3780 nrohtspiseopo
1604 3705 1679 3765 blon-

271 3801 307 3858 tis
318 3800 423 3876 llegolis
431 3804 608 3862 reverentiam
617 3805 755 3878 impondat
763 3821 832 3878 quae
847 3803 911 3862 huic
923 3803 1124 3877 amblepiscopo
1136 3799 1292 3860 catanensis
1302 3801 1432 3862 ccclesiae
1443 3804 1546 3862 rabone
1557 3803 1679 3862 debetur.

271 3895 361 3967 Quum
371 3898 454 3956 etiam
468 3897 548 3958 addat
561 3901 766 3975 pontifex:«ll0
778 3902 850 3974 quod
860 3907 889 3960 et
901 3907 929 3958 te
939 3899 1075 3958 ambulare
1086 3899 1143 3970 lem
1153 3899 1254 3956 scitum
1265 3899 1292 3955 ln
1306 3899 1419 3956 veritato
1429 3900 1603 3973 nobiscum»
1614 3915 1679 3975 quo·

272 3991 352 4052 modo
369 3999 427 4051 tam
448 3993 564 4069 bonIgna
580 3995 744 4054 Gualterium
767 3996 937 4066 tractaverit,
953 3995 977 4052 si
995 3993 1152 4067 (lignitatem
1165 3993 1218 4051 sibi
1233 3993 1391 4068 denegatam
1403 3995 1579 4053 cancellarius
1592 3995 1681 4054 denuo

272 4095 300 4148 at
311 4091 339 4148 in
351 4091 468 4166 publicis
477 4094 567 4168 palam
580 4093 765 4154 instrumentis
774 4091 949 4168 usurpasset?

309 4190 348 4260 (2)
365 4189 464 4248 Fuerat
480 4190 619 4268 Philippus
631 4192 761 4266 vigesimo
777 4191 865 4266 primo
881 4191 926 4249 die
945 4189 1013 4264 iunii
1030 4188 1111 4264 butus
1126 4188 1205 4260 anni,
1219 4187 1255 4246 ab
1273 4188 1371 4247 Ottone
1392 4190 1490 4248 comite
1509 4190 1625 4264 palatino
1647 4193 1682 4250 de

273 4285 455 4346 Wittelsbacb
466 4289 539 4364 apud
549 4289 679 4364 bamberg
689 4290 718 4347 iu
729 4289 851 4348 cubiculo
865 4305 915 4347 suo
929 4287 1073 4346 crudeliter
1084 4287 1200 4358 oculeus,
1209 4300 1271 4342 cum
1281 4287 1338 4358 jam
1350 4301 1437 4362 papae
1449 4289 1635 4350 reconciliatus
1646 4291 1682 4348 ad

275 4384 412 4458 imperiale
430 4384 565 4460 imtigium
584 4387 706 4444 securius
724 4386 875 4444 accederet.
887 4385 926 4443 Ci.
942 4384 969 4440 in
980 4383 1074 4460 primis
1084 4381 1222 4457 epistolam
1236 4382 1358 4456 Ilugolini
1370 4383 1449 4457 legati
1462 4383 1496 4440 ad
1507 4401 1619 4460 papam,
1635 4402 1681 4460 ap.

275 4483 396 4554 Bmuzn,
414 4481 464 4541 loc.
484 4483 578 4555 citato,
599 4502 627 4559 p.
644 4487 711 4556 tea,
727 4483 849 4542 &untur
866 4483 1004 4542 Ussrnac.
1021 4481 1149 4542 chronic.
1166 4480 1200 4538 ad
1216 4487 1279 4537 ann.
1298 4482 1381 4551 lit&
1398 4487 1538 4555 praeterea
1554 4483 1680 4542 Inuoco.

276 4577 377 4635 Iussu.
388 4578 439 4635 Ed.
453 4579 589 4652 leibnitz,
601 4586 621 4636 t.
634 4579 673 4651 Il,
687 4597 716 4654 p.
734 4581 797 4652 tta,
812 4579 936 4637 Gonnus.
953 4577 1057 4636 Concu
1073 4592 1117 4650 ap.
1132 4576 1280 4646 mmet,
1295 4574 1403 4646 Fontes,
1423 4582 1443 4633 t.
1459 4577 1496 4648 ll,
1510 4593 1539 4651 p.
1553 4581 1682 4653 alt-til,

277 4680 305 4732 et
316 4675 433 4733 Rnruaa
447 4677 545 4750 Leon,
559 4676 677 4748 Ibidem,
690 4695 719 4752 p.
733 4681 795 4736 stt.

358 4775 385 4836 1.
1488 4783 1524 4835 18
