4378 5954
258 535 439 612 lmrcr.10.]
708 529 905 594 HISTORIA
931 525 1223 588 utcnottttulcll.
1616 521 1672 582 125

308 670 542 762 Innocentius,
563 677 646 761 etc,
661 669 736 762 regi
754 667 869 740 Sicilia
887 665 1023 756 illustri,
1045 672 1110 736 etc.
1135 662 1269 748 Quante
1281 657 1509 752 jucunditatis
1526 656 1669 730 allectus

260 797 296 868 in
322 794 500 892 apostolici
525 793 640 868 cordis
661 791 809 866 armario
830 813 868 864 so
892 787 1133 879 transfuderit,
1160 809 1223 882 per
1243 795 1302 859 tua
1325 783 1518 858 serenitatis
1541 782 1670 856 litteras

261 922 434 994 intellecto
447 919 543 1014 quod
558 941 682 992 manus
698 917 835 990 Domini
852 915 897 990 de
912 915 1047 988 illorum
1062 912 1206 1007 indigna
1222 920 1256 984 te
1274 909 1431 984 custodia
1446 908 1605 981 liberavit
1618 907 1669 1002 (t)

259 1045 339 1140 qui,
359 1044 460 1139 qnasi
479 1043 608 1116 diceret
626 1044 709 1139 lupa
726 1042 785 1115 ovi
803 1068 811 1112 :
830 1066 848 1110 <r
865 1039 1003 1136 Agrium
1023 1047 1121 1110 tuum
1139 1036 1263 1110 melius
1285 1045 1319 1108 te
1335 1033 1489 1124 lactabo,
1510 1060 1528 1103 a
1551 1055 1670 1106 curam

260 1180 338 1242 ate
362 1179 578 1242 removerant
599 1190 704 1262 quam
729 1166 787 1263 pia
810 1166 873 1238 tibi
896 1164 1047 1260 genitrix
1067 1163 1266 1258 deputarat,
1289 1159 1371 1234 inde
1396 1160 1521 1256 poteris
1544 1159 1671 1232 existi-

209 1311 215 1322 ·
260 1315 356 1366 mare
369 1291 466 1387 quod
483 1292 652 1388 quamdin
671 1291 787 1381 fuisti,
802 1290 892 1364 sicut
913 1288 1059 1362 Domino
1075 1288 1225 1383 placuit,
1248 1286 1285 1357 in
1302 1285 1361 1358 illo
1379 1283 1522 1357 articulo
1540 1283 1672 1356 cousti-

261 1428 376 1509 tutus,
401 1439 482 1488 curn
509 1417 696 1490 multarum
722 1415 939 1488 anxietatum
963 1412 1152 1506 angoribus
1175 1410 1266 1484 circa
1290 1419 1325 1484 te
1350 1431 1388 1482 se
1415 1409 1537 1482 sedulo
1560 1417 1671 1481 retor-

259 1543 392 1636 quebat
408 1551 524 1616 nostre
548 1541 779 1616 meditationis
793 1547 952 1636 aspectus
969 1562 978 1608 a
993 1546 1113 1634 utpote
1134 1535 1196 1631 qui
1213 1533 1313 1629 quasi
1336 1535 1435 1607 nobis
1461 1533 1577 1606 dicere
1602 1555 1674 1607 nou

261 1689 414 1740 mssares
424 1693 433 1738 r
444 1668 509 1740 «ln
519 1675 554 1740 te
564 1669 713 1762 jactatus
729 1687 808 1738 sum
823 1687 869 1738 ex
887 1674 986 1738 utero
1003 1663 1121 1736 matris
1132 1683 1221 1754 mee,
1242 1658 1591 1733 »vehementissimis
1609 1679 1674 1731 uos

263 1789 441 1864 doloribus
455 1791 630 1864 tabescere
646 1789 812 1881 faciebas,
822 1789 905 1884 quia
926 1787 989 1860 tibi
1005 1809 1108 1883 quem
1126 1787 1251 1883 pietate
1262 1785 1424 1858 commoti
1435 1785 1552 1857 dicere
1564 1782 1673 1880 finge·

260 1915 404 1988 bamus:
418 1916 604 2006 «Domine,
613 1914 685 1988 vim
693 1914 817 2010 patior,
829 1939 847 1982 »
858 1912 1016 1985 festinato
1025 1931 1094 1986 non
1104 1919 1300 2007 poteramus
1308 1910 1440 1982 auxilio
1449 1910 1669 2005 respondere.

262 2040 390 2112 Necest
400 2038 583 2133 siquidem
593 2040 661 2112 sub
671 2038 898 2112 admiratione
910 2035 1110 2111 ducendum
1120 2035 1215 2130 quod
1225 2035 1674 2108 tuancsitaetcoutristavlt

262 2163 415 2238 detentio
426 2174 462 2237 et
475 2163 676 2238 deliberatio
685 2161 910 2257 jucundavit,
927 2183 1008 2235 cum
1019 2162 1123 2234 etiam
1137 2169 1275 2258 propter
1285 2159 1382 2234 ballii
1395 2160 1562 2233 rationem
1578 2159 1673 2255 quod

262 2309 330 2362 nou
351 2299 420 2361 tam
439 2311 486 2362 ex
503 2289 728 2384 dispositione
748 2297 902 2362 materna
918 2309 1024 2382 quam
1036 2287 1117 2380 Juro
1138 2286 1237 2378 regui
1253 2285 1468 2381 suscepimus
1488 2307 1673 2380 exequen-

261 2412 370 2506 dum,
392 2422 451 2486 tue
469 2423 646 2509 propteroa
665 2433 734 2486 nou
754 2413 928 2508 possimus
945 2412 1052 2485 tutele
1068 2432 1109 2483 ac
1127 2409 1319 2484 defensioni
1335 2408 1475 2501 deesse;
1494 2411 1577 2504 quia
1594 2431 1674 2484 cum

261 2559 382 2610 avoce
396 2537 565 2633 propheta
579 2536 728 2611 dicentis
742 2537 843 2610 uobis
859 2562 876 2604 a
892 2537 1025 2632 pupillo
1036 2545 1073 2608 tu
1085 2536 1154 2608 eris
1163 2534 1300 2627 adjutor
1313 2561 1331 2604 n
1345 2557 1447 2609 aures
1461 2557 1530 2609 uon
1544 2537 1673 2610 debea-

263 2683 341 2734 mus
357 2671 528 2754 avertere,
549 2671 584 2736 te
601 2663 771 2760 pupillum
790 2662 826 2734 ln
841 2671 902 2736 tuo
914 2663 994 2754 jure
1007 2670 1166 2734 tenemur
1180 2659 1364 2756 specialius
1376 2663 1571 2736 confovere.
1585 2661 1673 2736 Hinc

262 2795 316 2858 est
330 2786 452 2880 utique
466 2787 562 2881 quod
572 2807 635 2883 pro
647 2796 706 2860 tua
713 2785 847 2880 justitia
862 2785 1079 2861 defendenda
1093 2806 1176 2881 sepe
1190 2783 1358 2858 duximus
1370 2794 1487 2858 noctes
1501 2785 1673 2859 insomnes
1774 2775 1777 2782 ’

261 2919 297 2983 et
314 2910 500 3007 prandium
526 2913 563 2985 in
585 2934 709 2986 cenam
726 2913 978 3004 convertimus,
997 2921 1036 2984 ut
1053 2912 1109 2984 vel
1124 2910 1309 3004 cogitando
1330 2910 1394 2983 soli
1419 2911 1476 2983 vel
1495 2931 1573 2983 cum
1596 2911 1672 2984 aliis

262 3034 472 3109 conferendo
488 3035 693 3132 pacificandi
711 3037 773 3110 tibi
791 3036 1017 3110 hereditatem
1037 3045 1132 3110 tuam
1154 3035 1275 3108 modos
1289 3036 1391 3108 utiles
1411 3035 1568 3109 invenire
1587 3058 1669 3132 pos-

260 3180 391 3232 semus.
410 3161 553 3246 Quoties
572 3161 728 3234 euntium
750 3173 785 3236 et
802 3160 1022 3235 redeuntium
1037 3159 1237 3233 nuntiorum
1255 3159 1417 3232 examina
1437 3159 1505 3231 sibi
1523 3159 1671 3232 invicem

261 3283 459 3372 obviarunt,
475 3285 537 3380 qui
552 3307 613 3380 per
632 3286 748 3360 varias
761 3286 854 3360 orbis
875 3294 989 3382 partes
1005 3286 1100 3381 pacis
1116 3295 1175 3356 tue
1194 3283 1445 3378 procuratrices
1460 3284 1588 3356 litteras
1604 3284 1673 3357 de-

261 3403 389 3480 tulere!
415 3408 556 3494 Quoties
576 3410 688 3484 littere
708 3431 772 3506 pro
793 3419 852 3484 tua
871 3409 992 3505 tuique
1012 3410 1108 3505 regui
1125 3408 1370 3504 tranquillitate
1390 3407 1555 3482 mittende
1576 3419 1673 3482 nota·

260 3531 391 3604 riorum
422 3533 610 3628 fatigavere
636 3535 786 3608 calamos
814 3544 848 3608 et
875 3535 1065 3608 scribarum
1092 3541 1282 3606 atramenta
1312 3528 1503 3605 siccarunt!
1533 3532 1675 3618 Quoties

262 3655 504 3730 multitudines
524 3657 772 3754 undecumque
786 3659 831 3732 da
848 3658 969 3732 mundi
985 3657 1140 3754 partibus
1155 3656 1348 3746 venientes,
1368 3667 1508 3753 propter
1524 3679 1673 3755 occupa·

263 3780 375 3854 tiones
403 3783 570 3856 instantes
598 3763 729 3880 quibus
763 3807 846 3880 erga
875 3794 935 3858 tua
967 3781 1149 3856 commoda
1179 3781 1418 3870 versabamur,
1446 3803 1510 3855 sua
1534 3781 1676 3856 doluere

262 3907 401 3998 negotia
423 3904 611 3982 retardata!
642 3908 735 3996 Quid
765 3918 881 3982 autem
903 3907 947 3982 de
969 3907 1087 3980 multis
1113 3915 1147 3980 et
1169 3906 1304 4001 magnis
1325 3905 1482 3979 dicemus
1510 3905 1675 4003 expensis

261 4050 350 4123 quas
375 4051 438 4126 pro
458 4031 605 4105 diversis
629 4042 663 4106 ct
680 4033 787 4106 variis
809 4033 907 4126 regni
928 4032 979 4104 tui
1004 4031 1268 4105 necessitatibus
1284 4029 1483 4103 studuimus
1509 4033 1676 4126 erogare?

261 4154 331 4226 Sed
360 4165 395 4227 et
423 4157 586 4229 fratribus
612 4167 648 4230 et
675 4157 941 4251 consanguineis
966 4178 1036 4230 non
1059 4156 1295 4254 pepercimus,
1315 4177 1462 4249 quorum
1485 4155 1549 4227 etsi
1574 4155 1677 4227 fuerit

261 4277 360 4350 labor
387 4279 577 4374 plurimus,
604 4282 831 4377 gaudendum
856 4292 908 4356 est
935 4282 1017 4377 quia
1048 4302 1297 4374 nonnunquam
1327 4279 1442 4352 extitit
1466 4280 1671 4352 fructuosus.

259 4403 361 4474 lluuc
386 4404 492 4498 igitur
514 4426 594 4478 cum
618 4408 690 4501 J'am
714 4409 751 4480 in
775 4417 833 4482 tua
859 4408 1059 4481 liberatione
1078 4428 1167 4504 pene
1190 4428 1254 4478 nos
1272 4407 1365 4478 Deus
1389 4403 1505 4477 fecerit
1528 4405 1676 4499 preteri-

299 4673 337 4748 (t)
355 4675 424 4738 virts
440 4693 523 4752 supra
536 4694 564 4753 p.
578 4679 640 4752 tat,
653 4684 707 4738 not
725 4683 753 4738 l.
