4378 5954
222 573 321 635 laum.
338 567 413 648 leq.
673 563 869 628 HISTORIA
893 562 1187 630 olanomenlctt.
1577 569 1631 632 l'll

223 718 257 781 te
281 700 484 780 custodierit
505 699 673 774 hactenus
696 711 731 774 et
755 699 933 793 nutrierit,
958 721 1000 772 ae
1021 721 1085 797 pro
1106 699 1306 774 defensione
1324 714 1384 776 tua
1406 709 1441 776 et
1462 703 1560 798 regni
1580 705 1631 778 tui

222 831 357 906 labores
385 837 421 902 et
449 846 613 921 angores,
643 825 835 899 anxietates
863 833 899 898 et
926 825 1147 900 necessitates
1174 825 1381 923 multiplices
1408 827 1629 920 sustinuerit,

224 975 336 1046 nunc,
355 951 386 1026 si
404 972 528 1026 verum
545 959 599 1024 cst
615 949 713 1046 qnod
729 949 905 1039 asseritur,
926 957 975 1023 tot
992 948 1239 1030 beneficiorum
1258 951 1386 1025 oblitus
1401 974 1423 1025 a
1441 960 1502 1026 tua
1522 953 1635 1048 ipsum

226 1077 456 1154 familiaritate
484 1075 646 1150 recedere
674 1075 878 1174 permisisti,
896 1075 933 1148 io
949 1074 1151 1148 scandalum
1178 1085 1213 1150 et
1236 1075 1356 1150 odium
1379 1077 1507 1172 pariter
1528 1079 1638 1174 pluri·

227 1225 376 1278 momm.
386 1201 528 1300 Propter
543 1199 640 1297 quod
655 1201 713 1274 alii
728 1201 824 1296 regni
843 1197 989 1292 nobiles,
1006 1198 1090 1273 dum
1107 1201 1271 1274 eumdem
1285 1201 1402 1274 multis
1415 1203 1545 1276 meritis
1559 1226 1639 1299 pre·

229 1328 341 1403 ditum
368 1325 486 1401 debita
515 1324 744 1398 intellexerint
771 1323 1047 1398 remuneratione
1074 1323 1289 1414 fraudatum,
1322 1325 1359 1397 in
1386 1335 1445 1400 tua
1474 1325 1641 1401 fidelitate

229 1430 418 1526 lentescent
434 1459 469 1523 et
483 1449 640 1523 nonnulli
660 1469 699 1522 se
713 1471 734 1522 a
749 1447 819 1520 tuis
835 1447 1012 1542 obsequiis
1033 1449 1247 1538 subtrahent,
1267 1449 1329 1544 qui
1348 1450 1393 1524 ad
1414 1473 1455 1524 ea
1470 1473 1517 1524 ex
1532 1451 1643 1547 ipsius

230 1585 389 1674 poteraut
403 1573 688 1648 retributionibus
705 1571 898 1669 pmvocari.
917 1571 972 1646 Ex
985 1571 1041 1646 bis
1058 1573 1152 1646 enim
1165 1596 1235 1669 que
1249 1585 1327 1670 post
1339 1577 1414 1668 ejus
1428 1584 1508 1648 suut
1526 1585 1644 1650 secuta

231 1723 405 1776 recessum
423 1699 506 1774 satis
527 1707 670 1796 apparet
687 1705 803 1772 ubam
818 1698 894 1790 ejus
910 1697 1084 1793 presentia
1107 1697 1169 1770 tibi
1193 1697 1296 1772 fuerit
1317 1710 1503 1794 oportuna,
1524 1709 1560 1774 et
1578 1699 1644 1772 uisi

232 1825 439 1923 quantocius
474 1833 674 1915 revocetur,
709 1831 870 1901 secutura
894 1821 1079 1918 dispendia
1104 1831 1137 1896 te
1168 1822 1306 1918 plenius
1336 1821 1544 1898 edocebunt.
1579 1824 1645 1898 Ubi

233 1973 385 2047 namque
401 1959 484 2022 eunt
499 1949 548 2021 illi
566 1949 628 2044 qni
646 1948 709 2021 tibi
726 1946 937 2022 mendaciter
954 1947 1187 2042 suggerebant
1203 1945 1299 2041 quod
1316 1947 1375 2021 illo
1392 1949 1530 2043 repulso
1547 1949 1647 2020 multi

233 2083 516 2150 converterentur
533 2073 579 2147 ad
601 2084 655 2165 te,
676 2071 737 2167 qui
757 2081 895 2168 propter
922 2072 1125 2145 familiarem
1151 2072 1228 2164 ejus
1253 2072 1459 2165 presentiam
1485 2073 1593 2146 atuis
1611 2095 1662 2180 se·

235 2197 412 2294 obsequiis
430 2195 701 2270 subtrahebant?
718 2195 818 2268 Unde
841 2193 908 2267 nisi
927 2193 991 2268 bec
1009 2202 1043 2268 et
1061 2194 1129 2266 alia
1146 2216 1216 2288 que
1235 2194 1280 2269 de
1297 2203 1331 2268 te
1350 2217 1419 2268 non
1436 2196 1569 2290 absque
1588 2195 1652 2269 do-

236 2305 308 2397 lore
330 2325 528 2418 frequenter
550 2319 731 2412 audimus,
752 2321 938 2392 reformare
959 2317 1154 2411 studueris,
1179 2319 1398 2416 temetipsum
1417 2319 1464 2394 ad
1483 2319 1651 2393 uberioris

237 2447 347 2543 frugis
371 2446 575 2521 exercitium
599 2443 786 2540 erigendo,
808 2465 878 2518 non
897 2445 1008 2518 solum
1028 2453 1064 2516 tn
1084 2445 1204 2540 gravia
1233 2443 1438 2517 detrimenta
1462 2443 1649 2540 percipies,

238 2571 300 2647 sed
319 2581 353 2645 et
369 2593 433 2645 nos
456 2571 535 2644 licet
559 2569 687 2642 invitos
707 2577 877 2665 oporteret
895 2589 999 2664 super
1023 2569 1090 2641 hcc
1114 2567 1212 2642 aliud
1230 2568 1399 2662 cogitare,
1426 2589 1471 2641 ne
1492 2567 1538 2640 ob
1557 2577 1652 2642 tuam

239 2697 483 2792 negligentiam
503 2697 561 2768 vel
578 2695 750 2769 defectum
763 2693 929 2783 Romana,
946 2691 1043 2788 qnod
1062 2693 1164 2783 absit,
1185 2692 1330 2766 ecclesia
1348 2692 1499 2787 graviter
1512 2691 1653 2766 ledere-

239 2829 308 2912 tnr,
326 2841 396 2914 qne
413 2840 476 2916 pro
492 2827 526 2892 te
541 2839 611 2897 uon
624 2819 737 2892 solnm
754 2817 845 2908 aliis,
862 2815 1044 2890 sedetiam
1061 2815 1257 2912 imperatori
1273 2839 1312 2889 se
1328 2825 1481 2912 potenter
1496 2815 1651 2912 opponit.

241 2943 410 3028 Quocirca
432 2943 649 3016 serenitatem
673 2951 769 3016 tuam
791 2963 953 3036 mgamus
981 2941 1144 3016 attentius
1167 2951 1202 3014 et
1223 2963 1405 3014 monemus
1428 2941 1493 3014 sub
1512 2941 1654 3015 obtentu

242 3067 352 3160 gratie
374 3075 490 3141 nostre
515 3067 658 3140 tirmiter
678 3067 897 3161 injungentes
914 3065 1078 3160 quatinus
1099 3065 1340 3138 cancellarium
1364 3077 1591 3138 memoratum
1610 3065 1657 3140 ad

242 3191 508 3266 familiaritatem
531 3202 628 3266 tuam
650 3191 846 3264 nullatenus
868 3189 1009 3264 differas
1031 3211 1215 3280 revocare,
1237 3189 1436 3263 omnimoda
1457 3191 1524 3263 sibi
1552 3214 1657 3286 quem

243 3316 310 3389 sub
327 3317 423 3390 Beati
440 3317 531 3390 Petri
549 3326 584 3390 et
601 3325 716 3390 nostra
733 3316 946 3412 protectione
963 3315 1172 3411 suscipimus
1190 3315 1372 3388 securitate
1386 3316 1539 3412 provisa,
1560 3315 1658 3408 ejus-

242 3461 313 3534 que
337 3440 490 3513 consiliis
509 3439 658 3514 devotus
676 3439 854 3532 intendas;
875 3448 968 3512 utet
987 3439 1062 3535 ipse
1080 3447 1129 3511 tot
1149 3447 1184 3510 et
1201 3447 1295 3512 tanta
1314 3459 1377 3535 pro
1397 3449 1432 3513 te
1453 3439 1659 3514 sustinuisse

244 3583 281 3636 se
299 3563 453 3658 gaudeat
468 3571 502 3638 et
518 3564 576 3637 alii
591 3565 637 3639 nd
658 3565 783 3637 similia
802 3573 1046 3660 provocentur.
1065 3563 1270 3638 Prouisurus
1288 3565 1451 3637 attentius
1468 3587 1514 3638 ne
1532 3565 1659 3661 quida

243 3689 399 3782 quolibet
425 3667 714 3762 eontra'salntem
739 3697 774 3760 et
797 3688 961 3761 honorem
986 3687 1232 3783 ipsiusvaleat
1256 3689 1444 3762 attentari:
1469 3691 1553 3786 quia
1578 3713 1659 3765 cum

244 3833 309 3885 nos
324 3813 358 3886 ei
377 3813 531 3887 districte
547 3812 771 3910 precipiendo
790 3812 995 3886 mandemus
1009 3821 1048 3885 ut
1063 3812 1110 3885 ad
1126 3821 1185 3886 tue
1199 3813 1440 3887 familiaritatis
1452 3815 1659 3912 obsequium

246 3945 454 4035 revertatur,
474 3939 504 4011 si
527 3938 613 4034 quid
636 3948 756 4012 contra
776 3959 857 4010 eum
880 3937 976 4010 fieret
1001 3960 1023 4011 a
1044 3958 1275 4032 quocunque,
1301 3937 1400 4011 nobis
1420 3948 1660 4038 reputaremus

247 4059 364 4132 inferri
383 4059 449 4158 (l).
892 4061 894 4066 '

295 4185 421 4258 Datum
447 4185 624 4280 laterani,
650 4185 710 4262 Vll
738 4186 907 4262 kalendas
930 4186 1028 4282 julii,
1055 4185 1275 4284 pontificatus
1304 4187 1410 4262 nostri
1442 4209 1534 4262 anno
1559 4189 1658 4264 tertio
1772 4289 1775 4296 .

247 4306 394 4382 decimo.

286 4613 323 4686 (t)
341 4613 495 4674 Gualterius
506 4617 578 4675 euim
593 4633 715 4676 amensa
728 4619 819 4694 aprilis
831 4620 912 4695 hujus
923 4623 986 4680 anni
1002 4623 1029 4681 in
1042 4624 1187 4698 privilegiis
1200 4625 1326 4683 Friderici
1338 4625 1454 4698 amplius
1467 4585 1521 4684 non
1531 4627 1658 4688 occurrit.

251 4707 326 4769 Unde
338 4711 423 4787 liquet
434 4714 599 4774 Fudedcum
613 4717 647 4776 de
658 4717 809 4778 revocando
819 4721 976 4780 cancellario
989 4722 1100 4780 monitis
1108 4723 1261 4796 apostolicis
1271 4739 1326 4780 non
1336 4722 1574 4798 obtemperavisse.
