4382 5946
291 575 390 636 lanian
407 575 451 660 3.]
739 569 938 634 ttlsrottla
963 566 1256 630 blabouarlca
1646 566 1706 628 ata

294 707 339 782 de
355 712 452 804 lloyo
465 709 519 804 (l)
536 719 571 780 et
586 707 663 780 aliis
678 707 739 801 qui
761 709 932 780 teloneum
949 705 1003 802 (2)
1027 705 1063 776 in
1085 704 1225 778 civitate
1249 702 1393 776 llletensi
1419 701 1633 793 negotiantes
1656 702 1707 774 eis

294 833 429 906 solvere
456 831 756 924 renuebant;·qui
784 831 940 904 homines
968 829 1048 904 ideo
1069 829 1240 902 immunes
1266 839 1301 900 et
1318 827 1444 900 liberos
1470 827 1644 900 ateloneo
1669 848 1707 898 se

295 956 423 1030 debere
445 977 521 1030 esse
539 956 702 1029 dicebant
727 954 824 1050 quod
852 955 889 1026 in
920 954 1043 1028 eadem
1071 953 1210 1026 civitate
1231 951 1352 1026 domos
1370 951 1564 1026 habuerint.
1591 951 1660 1024 Sed
1687 973 1707 1024 e

295 1088 413 1152 oontm
437 1079 559 1176 prelati
577 1080 733 1152 canonici
750 1089 785 1152 et
811 1079 1002 1153 advocatus
1027 1078 1263 1174 proponebant
1283 1098 1351 1150 non
1376 1076 1455 1148 ideo
1481 1095 1541 1149 eos
1562 1097 1637 1148 esse
1663 1075 1706 1146 li·

295 1202 396 1275 beros
417 1226 438 1277 a
458 1203 628 1276 solutione
649 1204 773 1276 telonei
794 1203 890 1298 quod
909 1203 1030 1276 domos
1048 1201 1213 1275 baberent
1232 1201 1268 1272 in
1287 1200 1425 1274 civitate
1442 1200 1604 1288 llletensi,
1626 1222 1706 1272 cum

295 1347 363 1398 non
388 1327 539 1401 lacerent
557 1327 592 1398 in
609 1349 650 1401 ea
669 1328 785 1422 ignem
804 1340 838 1401 et
853 1329 988 1399 lnmum
1006 1348 1070 1400 nec
1086 1347 1205 1400 eorum
1228 1347 1355 1398 uxores
1372 1334 1407 1398 ct
1424 1325 1554 1398 familie
1575 1324 1705 1397 ibidem

295 1461 472 1525 manerent
489 1473 553 1524 nec
568 1453 634 1548 ipsi
658 1453 693 1524 in
714 1452 836 1526 eadem
855 1453 1012 1540 civitate,
1030 1453 1120 1524 sicut
1141 1453 1200 1524 alii
1218 1451 1330 1540 cives,
1354 1450 1521 1524 excubias
1539 1452 1702 1523 lacerent.

295 1575 407 1666 Hujus
431 1577 480 1648 rei
503 1576 675 1667 judicium
703 1577 865 1649 dominus
891 1587 1007 1649 noster
1033 1576 1251 1672 supradictus
1275 1576 1504 1647 Romanorum
1520 1595 1600 1662 rex,
1617 1572 1703 1647 lide-

294 1700 386 1772 libus
413 1701 485 1772 sois
507 1699 638 1772 ibidem
653 1700 896 1792 existentibus,
923 1702 1093 1774 commisit
1110 1699 1318 1772 Theoderico
1339 1699 1596 1794 archiepiscopo
1623 1701 1704 1770 Tre·

294 1823 430 1895 verensi
447 1833 481 1896 et
496 1823 694 1896 Tbeobaldo
711 1824 793 1896 duci
810 1825 1041 1918 lotharingie,
1060 1825 1121 1920 qui
1140 1823 1257 1896 habito
1277 1843 1380 1917 super
1395 1823 1462 1896 boc
1477 1823 1704 1918 plurimorum

295 1947 464 2018 nobilium
475 1967 516 2018 ac
527 1946 737 2042 prudentum
747 1947 902 2036 consilio,
914 1947 1043 2020 ibidem
1057 1947 1094 2018 in
1107 1946 1279 2043 presentia
1292 1945 1422 2019 domini
1435 1946 1529 2040 regis
1541 1957 1575 2020 et
1589 1956 1705 2020 nostra

293 2069 360 2140 hoc
380 2070 532 2141 tulerunt
549 2069 722 2164 judicium
736 2069 851 2166 quod,
877 2071 955 2142 licet
969 2071 1090 2166 prelati
1114 2070 1271 2143 homiues
1291 2069 1457 2142 haberent
1476 2071 1512 2140 in
1530 2070 1617 2143 urbe
1632 2071 1705 2142 llle·

294 2191 382 2263 tansi
401 2191 535 2285 domos,
559 2194 784 2266 nibilominus
799 2195 973 2268 debitores
991 2203 1106 2268 essent
1120 2195 1264 2285 telonei,
1280 2215 1359 2266 cunr
1375 2194 1411 2264 in
1428 2193 1549 2268 eadem
1567 2194 1706 2267 civitate

295 2337 357 2388 nec
386 2317 501 2410 ignem
520 2340 586 2392 nec
607 2321 741 2391 fumum
766 2323 939 2411 lacerent,
965 2341 1029 2392 nec
1056 2341 1177 2392 eorum
1203 2341 1329 2392 uxores
1359 2330 1392 2392 et
1420 2319 1549 2392 lamilie
1574 2317 1704 2392 ibidem

293 2451 490 2532 manerent,
512 2465 576 2514 nec
593 2444 659 2537 ipsi
678 2444 713 2514 in
732 2443 854 2517 eadem
880 2445 1019 2519 civitate
1043 2446 1133 2518 siout
1159 2445 1219 2518 alii
1243 2446 1336 2517 cives
1355 2447 1503 2517 lacerent
1521 2445 1700 2517 excubias.

293 2565 355 2638 Cui
370 2567 504 2658 judicio
528 2569 657 2642 idcirco
680 2569 845 2643 libentius
867 2579 903 2643 et
921 2570 1078 2643 securius
1103 2581 1258 2642 nostrum
1283 2592 1460 2642 assensum
1479 2579 1514 2642 et
1531 2571 1703 2665 approba·

293 2690 421 2763 tionem
439 2692 711 2786 impertivimus,
732 2695 816 2788 quia
839 2692 927 2766 illud
949 2693 994 2768 de
1012 2716 1192 2790 proceram
1212 2696 1396 2767 multorum
1419 2693 1562 2766 consilio
1584 2704 1618 2766 et
1640 2715 1703 2766 us-

292 2837 396 2887 sensu
427 2825 532 2910 atque
561 2818 808 2912 approbatione
838 2825 907 2890 tam
935 2819 1136 2891 clericorum
1163 2840 1267 2914 quam
1302 2819 1467 2891 laicorum
1495 2829 1528 2890 et
1556 2819 1704 2892 Simonis

293 2937 449 3009 Falconis
468 2938 544 3029 ejus
571 2940 651 3012 anni
670 2940 824 3034 magistri
841 2941 974 3014 scabini
992 2941 1154 3016 Metensis
1171 2942 1367 3016 stallorum
1385 2943 1604 3016 scabinorum
1622 2965 1703 3016 cum

291 3081 429 3134 summa
445 3061 691 3136 deliberatione
706 3065 932 3158 cognovimus
951 3068 1217 3161 promulgatum.

342 3185 427 3258 Actu
446 3195 526 3257 eunt
550 3187 615 3259 bec
637 3188 703 3259 sub
727 3189 839 3282 sigillo
856 3199 972 3263 nostro
990 3211 1081 3263 anno
1103 3191 1285 3264 millesimo
1307 3193 1543 3265 ducentesimo
1567 3191 1703 3265 decimo

292 3319 431 3403 quarto,
458 3332 575 3382 mense
597 3310 791 3404 decembri,
813 3325 936 3408 quarto
955 3313 1122 3387 kalendas
1139 3315 1313 3408 januarii,
1339 3317 1555 3412 presentibus
1580 3317 1703 3390 comite

293 3433 338 3506 de
356 3435 624 3508 Hcrmcbcstalin
640 3435 714 3533 (3),
734 3439 900 3513 Wamero
926 3439 971 3514 de
987 3440 1158 3531 Bolande,
1178 3441 1407 3534 Merbodone,
1429 3450 1464 3516 et
1486 3441 1562 3514 aliis
1575 3464 1704 3536 quam-

293 3557 460 3653 plurimis.

341 3791 499 3892 [Litterae
511 3799 779 3876 confirmationis
788 3805 892 3899 hujus
898 3808 1023 3901 judicii
1039 3833 1060 3884 a
1076 3811 1249 3885 Friderioo
1262 3833 1343 3906 rege
1357 3813 1531 3886 conlectae
1549 3813 1704 3906 ejusdem

293 3983 878 4032 ’.Ἢ

326 4130 362 4202 (4)
380 4131 489 4190 Scilicet
500 4137 558 4192 Hui
566 4137 608 4194 vel
619 4139 693 4212 llny,
709 4139 736 4195 in
746 4142 901 4216 episcopatu
915 4145 1064 4202 Leodiensi.

328 4226 364 4299 (2)
383 4229 413 4285 ld
425 4236 467 4286 est
476 4233 522 4303 jus
533 4233 687 4307 impositum
700 4239 825 4297 omnibus
838 4242 1019 4302 mercimoniis
1031 4251 1078 4302 aut
1089 4244 1250 4302 victualibus
1264 4245 1291 4301 in
1306 4245 1414 4302 civitate
1427 4245 1585 4302 intromissis
1597 4251 1625 4302 et
1638 4261 1706 4302 ren-

290 4323 362 4381 ditis.
374 4326 479 4385 Vidcsis
499 4329 704 4390 instrumentum
724 4335 821 4394 telonei
837 4339 871 4395 ad
882 4355 946 4396 ann.
962 4343 1031 4400 4237
1044 4357 1091 4416 ap.
1111 4343 1212 4401 atron.
1227 4342 1353 4416 Plrilippi
1370 4343 1402 4399 de
1421 4341 1573 4415 thneulea,
1589 4343 1702 4401 alterum

291 4422 319 4476 in
337 4422 413 4480 arob.
428 4425 535 4482 catbed.
550 4429 678 4488 lleteneie
689 4431 784 4503 (time
800 4437 831 4494 44
835 4478 845 4504 ,
857 4446 889 4492 n⁰
901 4437 944 4510 87)
958 4443 987 4496 et
998 4439 1107 4514 insuper
1117 4439 1181 4497 illud
1194 4441 1266 4515 quod
1279 4440 1411 4514 reperitur
1424 4440 1584 4515 impressum
1594 4457 1627 4498 cx
1639 4442 1702 4499 cod·

290 4516 382 4574 abbat.
396 4519 506 4591 Senon,
523 4540 567 4598 ap.
577 4527 650 4583 lint.
664 4529 697 4585 de
711 4531 781 4588 Meta
792 4549 847 4606 per
859 4533 907 4592 der
919 4535 1000 4608 calip.
1011 4537 1161 4608 Bdnddr'ct„
1171 4543 1191 4595 t.
1206 4537 1259 4610 lll,
1272 4553 1397 4614 preuves,
1411 4557 1439 4613 p,
1456 4541 1507 4597 472
1523 4545 1551 4597 el
1562 4555 1640 4614 seqq.

328 4614 364 4688 (4)
382 4617 441 4675 Non
461 4620 636 4682 dubitandum
650 4626 714 4700 quin
728 4627 779 4686 boc
793 4646 892 4690 nomen
909 4633 1032 4693 mutilum
1044 4636 1079 4694 sit
1093 4642 1121 4694 et
1135 4637 1275 4710 legendum
1289 4637 1320 4694 do
1331 4635 1474 4694 Eberatea'n
1483 4679 1491 4711 ,
1500 4636 1570 4696 sicut
1582 4638 1610 4694 in
1624 4652 1702 4710 prae-

289 4711 402 4772 cedente
419 4715 589 4778 documento.
