4378 5954
231 636 331 698 119191.
349 629 411 714 ll]
681 621 880 686 HISTORIA
903 617 1197 682 onocentauros
1590 613 1647 678 135

231 767 490 844 Distribuantur
505 769 620 837 autem
641 759 836 834 mouendum
853 757 1088 832 estimatorum
1107 753 1287 830 arbitrium
1305 775 1393 850 quos
1410 750 1458 828 ad
1478 751 1545 825 boc
1564 773 1649 848 spe-

233 893 363 968 cialiter
382 885 646 985 deputabimus,
670 885 821 980 pensatis
839 880 965 956 debitis
986 879 1135 955 servitiis
1147 888 1182 952 91
1195 877 1416 952 lacnltatibns
1432 876 1598 950 uomitum
1615 885 1650 950 et

232 1019 403 1094 baronum
420 1035 462 1088 99
476 1011 581 1086 etiam
600 1008 794 1082 civitatum.
809 1006 899 1094 Quia
921 1026 1007 1080 vero
1024 1013 1163 1102 propter
1183 1003 1301 1078 ostatis
1320 1003 1490 1076 servorem
1504 999 1650 1074 descen·

236 1143 319 1218 dere
341 1142 378 1214 in
397 1137 560 1234 Apuliam
575 1135 803 1234 personaliter
817 1155 887 1206 non
904 1131 1096 1228 potuimus,
1113 1138 1277 1204 statutum
1292 1128 1387 1202 istud
1404 1125 1649 1202 mandabimus

234 1262 480 1362 exequendum
497 1283 559 1358 per
573 1261 726 1355 legatum
742 1267 898 1332 nostrum
916 1256 977 1352 qui
992 1265 1045 1330 est
1061 1256 1098 1328 in
1113 1255 1257 1352 Apulia,
1279 1276 1341 1352 per
1364 1253 1523 1328 comitem
1548 1253 1650 1325 laco·

235 1391 319 1464 bum
337 1386 584 1462 consobrinum
598 1395 633 1460 et
655 1383 1088 1476 91999991991999911919,
1111 1391 1146 1454 et
1167 1402 1229 1478 per
1245 1380 1352 1455 alium
1371 1399 1474 1473 quem
1492 1398 1513 1450 a
1531 1383 1649 1450 nostro

236 1514 342 1588 latere
358 1511 561 1606 dirigemus.
576 1510 615 1582 ln
629 1507 791 1582 omnibus
810 1516 926 1580 autem
944 1527 1160 1580 reservamus
1177 1505 1278 1580 nobis
1295 1505 1433 1602 plenam
1447 1509 1648 1599 potestatem

235 1635 409 1728 addendi,
430 1633 630 1722 minuendi,
649 1630 808 1706 mutandi
830 1641 864 1706 et
887 1629 1103 1723 declarandi,
1128 1639 1231 1728 prout
1253 1627 1445 1704 viderimus
1468 1625 1647 1722 expedire.

1268 1921 1426 1936 ψ

293 2201 507 2286 Fridericus
538 2229 605 2286 rex
632 2202 781 2286 Siciliae
807 2202 1007 2287 confirmat
1037 2203 1279 2288 concordiam
1311 2205 1437 2288 studio
1474 2205 1729 2336 69191111Ῥ
1684 2235 1735 2281 n
1729 2232 1846 2345 901919

239 2330 363 2420 sancti
384 2337 542 2420 Adriani
560 2337 765 2420 cardinalis
786 2346 824 2420 et
842 2337 1079 2448 Apostolicae
1102 2338 1210 2422 Sedis
1236 2338 1375 2449 legati,
1395 2339 1530 2422 initam
1556 2340 1655 2424 inter
1708 2291 1826 2402 Ἢ

241 2470 383 2553 Carum
401 2471 725 2582 archiepiscopum
742 2471 880 2558 Montis
905 2470 1057 2582 Regalis
1079 2480 1117 2555 et
1143 2472 1352 2581 capitulum
1371 2473 1542 2584 ejusdem
1559 2475 1652 2583 loci,

239 2604 475 2688 conditiones
493 2615 681 2690 memorat
697 2615 736 2688 et
753 2604 803 2688 ab
821 2605 1002 2690 omnibus
1019 2605 1201 2716 praecipit
1218 2606 1424 2690 observari.

320 2819 409 2894 (Edit.
425 2817 723 2900 911.1’1119911,.11911Ι
744 2837 834 2899 sacr„
850 2825 872 2882 t.
894 2819 941 2895 11,
959 2821 1071 2898 suppl,
1087 2837 1119 2899 p.
1145 2828 1326 2883 1199-1199.
1339 2855 1380 2868 -
1393 2823 1554 2886 Fonsvero
1575 2825 1655 2886 unde

359 2929 726 3008 assumaturprlvllsglum
738 2945 800 2990 non
813 2925 983 3007 1911199191.)

289 3113 486 3190 Friderioue
498 3115 619 3190 divina
632 3117 770 3190 1919919
783 3114 962 3189 9191999119
977 3135 1042 3192 rex
1057 3113 1186 3202 Sicilie,
1207 3110 1355 3191 ducales
1368 3112 1505 3211 Apulie‚
1520 3117 1654 3213 prinoi-

241 3247 344 3336 patus
357 3239 484 3336 Capue.
503 3239 589 3313 Cum
607 3239 732 3334 regalis
749 3249 865 3314 nostre
878 3239 1095 3314 discretionis
1114 3239 1258 3313 intentio
1276 3239 1473 3315 sitomnino
1485 3242 1521 3314 in
1535 3241 1655 3318 divina

241 3363 467 3462 dispositione
489 3365 634 3440 lundata
650 3375 685 3440 et
699 3364 807 3460 digno
825 3365 887 3438 Dei
904 3365 1065 3438 examine
1082 3364 1192 3438 lelicis
1210 3365 1319 3438 nostri
1337 3365 1514 3460 regiminis
1537 3367 1656 3442 mode·

242 3489 375 3564 rumina
390 3489 594 3585 dirigantur,
615 3489 779 3586 propositi
803 3489 911 3562 nostri
936 3498 989 3562 est
1013 3486 1060 3562 ad
1083 3488 1307 3562 ecclesiarum
1326 3497 1362 3562 et
1385 3490 1537 3562 locorum
1556 3510 1658 3564 1999-

243 3615 404 3688 rabilium
421 3615 572 3710 quietem
595 3623 630 3689 91
648 3614 871 3690 commodum
893 3612 1075 3708 diligenter
1091 3613 1268 3687 attendere
1292 3622 1327 3688 et
1349 3635 1468 3688 eorum
1486 3617 1659 3711 proiectus

243 3738 302 3835 pie
320 3738 446 3814 mentis
461 3738 572 3812 oculis
589 3737 729 3814 intueri.
752 3737 845 3812 Licet
867 3737 989 3832 utique
1012 3737 1216 3832 generaliter
1232 3747 1412 3814 teneamur
1429 3739 1585 3813 omnium
1602 3762 1659 3814 99-

244 3862 427 3936 9199191991
440 3863 539 3958 regni
555 3864 664 3938 nostri
677 3861 961 3938 indemnitatibus
975 3861 1176 3959 providere,
1201 3863 1277 3938 illas
1294 3871 1409 3938 tumen
1424 3864 1608 3960 specialius
1626 3874 1661 3938 et

245 3987 455 4084 diligentiori
470 3990 695 4084 proponimus
707 3989 938 4063 sollicitudine
952 3989 1136 4062 confovere
1157 4009 1246 4085 quus
1264 3987 1450 4062 liberalitas
1469 3991 1564 4083 regia
1587 3999 1659 4062 stu·

245 4110 380 4186 1199199
405 4111 565 4186 fundavit
589 4113 764 4206 91991911,
786 4112 1339 4204 11119111911199911999111919111,
1361 4123 1399 4186 ut
1418 4135 1507 4210 opus
1525 4114 1660 4208 regium

245 4237 353 4332 regali
371 4237 515 4310 tuitione
531 4247 706 4311 servatum
722 4258 792 4311 non
809 4246 938 4334 pereat,
957 4238 1020 4312 9911
1036 4237 1186 4311 debono
1205 4237 1242 4310 in
1259 4237 1383 4310 melius
1396 4246 1577 4330 augeatur.
1589 4240 1661 4311 Hac

245 4361 353 4455 igitur
376 4361 505 4436 decreti
529 4361 802 4436 consideratione
823 4360 989 4434 laudabili
1011 4359 1268 4435 considerantes
1286 4363 1456 4454 jacturam
1472 4369 1507 4432 et
1520 4360 1660 4456 dispen-

105 4559 115 4574 ,
247 4484 345 4559 111919
371 4487 467 4582 quod
490 4487 632 4560 ecclesia
649 4485 773 4559 Montis
789 4486 944 4581 Regalis,
964 4508 1069 4580 quam
1092 4483 1327 4558 munificentia
1349 4485 1444 4580 regia
1462 4507 1524 4580 pre
1540 4487 1661 4560 ceteris

248 4609 347 4705 regni
364 4611 518 4685 ecclesiis
528 4609 717 4700 decoravit,
728 4611 895 4685 hactenus
906 4612 1095 4686 incurrerat
1105 4633 1168 4708 pro
1176 4609 1349 4684 discordia
1362 4631 1432 4704 que
1445 4609 1661 4684 interCarum

248 4737 479 4811 venerabilem
497 4737 623 4811 Montis
639 4736 777 4832 Regalis
795 4736 1104 4833 archiepiscopum,
1126 4734 1290 4810 dilectum
1304 4733 1509 4818 familiarem
1525 4745 1560 4809 et
1578 4734 1663 4810 lide-
