4434 5942
566 579 608 640 dd
1071 583 1286 644 FlllllElllCl
1311 583 1485 646 SECUNlll
1797 583 1876 666 [Aur.
1893 585 1979 649 lfflb

571 718 768 808 congeriem
789 717 924 789 nivium
941 717 1013 812 'que
1031 715 1070 789 fit
1085 718 1133 791 ibi
1149 719 1296 812 singulis
1316 721 1416 794 annis
1432 718 1536 793 valde
1551 719 1698 794 efficitur
1713 719 1763 792 ibi
1782 721 1932 796 difficilis
1947 733 1983 798 et

569 839 784 934 periculosus
803 862 980 935 accessus,
1005 843 1115 916 fecisti
1139 843 1316 938 quoddam
1336 845 1591 942 receptaculum
1611 843 1657 918 ad
1679 845 1851 940 refugium
1873 843 1980 946 [tam]

568 963 712 1035 fratrum
739 973 877 1038 tuorum
902 965 964 1060 qui
990 987 1053 1061 pro
1081 968 1187 1041 rebus
1214 971 1417 1044 necessariis
1439 968 1568 1042 exinde
1594 970 1808 1064 frequentius
1835 972 1980 1046 transire

570 1097 743 1180 coguntur
755 1111 860 1183 quam
879 1098 1067 1162 ceterorum
1083 1111 1172 1184 qnos
1187 1113 1292 1166 causa
1314 1092 1495 1167 similises
1515 1099 1614 1188 parte
1628 1091 1774 1165 transire
1792 1093 1975 1188 compellit.

569 1211 663 1298 Quia·
675 1233 759 1285 vero
776 1212 886 1308 ipsius
902 1212 1016 1308 operis
1031 1212 1294 1310 incrementum,
1310 1238 1358 1289 ex
1369 1215 1519 1310 eoquod
1539 1216 1576 1287 in
1591 1215 1728 1290 modico
1743 1225 1908 1310 expertus
1924 1237 1975 1306 es,

567 1335 713 1430 dignum
727 1337 799 1409 Deo
810 1344 845 1410 et
861 1336 1062 1410 bominibus
1075 1337 1160 1411 utile
1173 1341 1246 1412 iore
1257 1341 1423 1436 probasti,
1438 1323 1638 1437 supplicasti
1653 1341 1850 1414 celsitudini
1864 1353 1979 1414 nostre

564 1471 736 1554 quatenus
759 1459 822 1532 tibi
842 1457 888 1533 ad
910 1458 1141 1535 edificandam
1165 1461 1214 1534 ibi
1240 1462 1346 1536 libere
1375 1463 1519 1536 domum
1544 1463 1720 1558 religionis
1746 1463 1908 1536 daremus
1932 1463 1978 1536 li-

564 1587 683 1660 berem
700 1593 916 1680 potestatem,
938 1592 972 1656 et
988 1584 1083 1678 quod
1099 1585 1176 1658 aliis
1190 1587 1391 1660 conceditur
1410 1587 1448 1660 in
1462 1585 1593 1663 eisdem
1607 1587 1762 1685 partibus
1777 1589 1843 1660 sub
1858 1585 1977 1662 reddi·

564 1711 658 1784 tibus
684 1708 898 1798 constitutis,
919 1708 1082 1781 iratribus
1102 1711 1164 1804 qui
1186 1710 1235 1783 ibi
1252 1713 1325 1784 Deo
1349 1713 1510 1785 servituri
1536 1722 1619 1786 sunt
1639 1712 1787 1786 liberum
1810 1733 1857 1784 ex
1881 1711 1976 1784 omni

565 1835 746 1910 exactione
772 1843 806 1907 et
830 1833 1026 1926 bajulorum
1048 1843 1241 1908 nostrorum
1269 1838 1442 1911 calumnia
1470 1837 1749 1910 concederemus.
1778 1837 1847 1909 Nos
1870 1835 1977 1930 igitur

564 1959 626 2057 qui
640 1959 677 2030 in
690 1957 841 2031 iovenda
853 1956 1019 2050 religione
1033 1955 1157 2032 domus
1172 1967 1232 2032 tue
1247 1967 1389 2056 paterne
1403 1970 1437 2034 et
1449 1969 1602 2034 materne
1618 1959 1854 2033 munificentie
1870 1969 1975 2054 atque

566 2083 759 2159 dilectionis
769 2084 828 2176 jus
846 2079 1092 2156 bereditarium
1109 2081 1342 2179 possidemus,
1362 2095 1432 2158 mm
1449 2105 1513 2181 pro
1530 2085 1639 2157 salute
1654 2087 1774 2158 'nostra
1789 2105 1895 2178 mam
1911 2103 1975 2180 pro

563 2207 717 2283 remedio
740 2207 933 2280 animarum
958 2207 1100 2279 illustris
1125 2207 1302 2301 quondam
1325 2208 1538 2304 imperatoris
1563 2209 1669 2304 patris
1696 2208 1803 2280 nostri
1826 2218 1862 2280 et
1883 2227 1975 2280 sere·

564 2335 707 2410 nissime
723 2331 950 2429 imperatricis
965 2331 1084 2404 matris
1102 2341 1230 2420 nostre,
1251 2353 1370 2426 preces
1383 2341 1462 2404 tuas
1479 2333 1515 2403 in
1533 2333 1599 2404 hac
1617 2341 1712 2427 parte
1729 2331 1897 2406 duximus
1912 2331 1975 2405 ad·

561 2458 768 2551 mittendam
795 2456 1024 2530 concedentes
1050 2453 1149 2554 [tibi]
1173 2465 1209 2528 et
1228 2455 1485 2529 successoribus
1507 2456 1576 2528 tuis
1602 2457 1744 2529 liberam
1771 2465 1974 2552 potestatem

561 2583 748 2659 edificandi
767 2584 804 2654 in
825 2583 956 2678 prefato
972 2582 1048 2654 loco
1066 2581 1128 2678 qui
1150 2581 1277 2654 dicitur
1295 2580 1406 2678 Caput
1422 2579 1549 2653 Album
1569 2581 1711 2655 domum
1731 2579 1905 2674 religionis
1927 2579 1973 2653 ad

558 2711 723 2785 bonorem
742 2707 806 2782 Dei
827 2717 862 2781 et
880 2707 1061 2780 utilitatem
1076 2707 1281 2799 multorum,
1302 2715 1337 2780 et
1352 2715 1540 2780 statuentes
1556 2704 1670 2780 eidem
1688 2705 1807 2778 domui
1829 2705 1972 2779 liberam

558 2835 810 2936 possessionem
833 2833 1047 2926 adjacentem
1074 2832 1140 2928 ipsi
1168 2833 1244 2905 loco
1273 2854 1335 2928 per
1360 2833 1508 2928 spatium
1528 2831 1624 2904 mille
1650 2851 1814 2926 passuum
1841 2829 1971 2903 tamin

557 2959 773 3055 longitudine
789 2979 894 3054 quam
917 2957 953 3028 in
970 2954 1153 3030 latitudine
1168 2978 1244 3030 sua.
1265 2956 1309 3028 Et
1329 2964 1369 3029 ut
1387 2956 1495 3054 ipsius
1513 2957 1579 3031 loci
1597 2955 1748 3052 quietem
1772 2955 1889 3028 nullus
1907 2977 1971 3028 au·

561 3087 640 3161 dcet
659 3086 695 3156 in
721 3087 875 3157 futurum
899 3092 1026 3154 temere
1048 3081 1269 3178 perturbare,
1291 3091 1362 3154 tam
1380 3083 1498 3178 ipsum
1519 3084 1632 3156 locum
1650 3103 1756 3176 quam
1777 3081 1895 3154 iratres
1912 3079 1973 3174 qni

559 3209 608 3284 ibi
626 3208 773 3282 Domino
795 3216 876 3280 sunt
893 3205 1055 3280 servituri
1078 3215 1111 3278 et
1132 3205 1303 3302 prelatum
1327 3205 1389 3301 qni
1406 3207 1455 3280 ibi
1476 3229 1540 3303 pro
1556 3215 1709 3303 tempore
1726 3205 1829 3278 inerit
1846 3205 1974 3278 consti·

558 3344 655 3408 tutus
673 3333 866 3408 secundum
884 3331 1137 3405 institutionem
1152 3331 1284 3406 ordinis
1300 3332 1407 3406 vestri
1425 3341 1459 3405 et
1474 3332 1631 3406 omnium
1656 3331 1748 3405 bona
1765 3351 1885 3404 eorum
1907 3329 1974 3402 sub

558 3468 676 3532 nostra
707 3457 849 3555 speciali
879 3457 1091 3554 protectione
1121 3468 1156 3530 et
1187 3457 1387 3533 defensione
1423 3457 1652 3552 suscipimus3
1683 3454 1903 3550 prohibentes
1933 3462 1974 3526 ut

559 3583 675 3658 nullus
700 3583 897 3676 bajulorum
928 3589 1122 3656 nostrorum
1149 3603 1211 3655 sen
1238 3584 1365 3679 aliquis
1391 3583 1480 3654 alius
1506 3581 1635 3655 audeat
1660 3581 1755 3677 ipsos
1779 3582 1900 3654 iratres
1926 3579 1972 3653 de

556 3706 773 3808 possessione
786 3706 897 3780 eidem
915 3708 1025 3780 locoa
1043 3709 1221 3802 majestate
1238 3717 1353 3781 nostra
1372 3729 1535 3780 concessa
1553 3707 1771 3802 aliquatenus
1789 3705 1971 3778 molestare

557 3842 620 3910 aut
636 3829 769 3928 aliquid
787 3831 929 3925 exigere
951 3832 1006 3906 uel
1028 3839 1251 3928 extorquere,
1272 3831 1336 3906 sed
1357 3841 1467 3906 totum
1490 3831 1622 3905 eisdem
1646 3831 1809 3904 iratribus
1827 3851 1969 3903 conser-

557 3967 661 4034 vetur
686 3957 833 4030 liberum
858 3956 967 4052 ipsius
998 3957 1123 4032 domus
1152 3958 1274 4031 usibus
1301 3959 1534 4054 profuturum.
1559 3955 1615 4031 Ad
1640 3956 1747 4048 bujus
1766 3964 1883 4029 antem
1905 3955 1969 4028 do·

557 4083 707 4160 nationis
732 4092 767 4156 et
787 4081 1019 4156 concessionis
1042 4091 1158 4156 nostre
1182 4083 1382 4156 memoriam
1409 4096 1445 4156 et
1470 4081 1669 4155 inviolabile
1691 4079 1967 4172 firmamentum,

557 4233 699 4312 presens
711 4209 932 4307 privilegium
945 4231 1008 4306 per
1021 4231 1146 4284 manus
1157 4209 1303 4306 Philippi
1319 4209 1365 4284 de
1376 4211 1518 4283 Salerno
1534 4209 1659 4283 notarii
1676 4217 1712 4282 et
1730 4205 1842 4281 fidelis
1860 4205 1968 4280 nostri

556 4337 661 4411 scribi
685 4343 720 4409 et
741 4335 854 4430 sigillo
875 4343 991 4409 nostro
1017 4355 1116 4409 cereo
1137 4333 1306 4426 jussimus
1330 4333 1554 4424 communiri,
1575 4354 1686 4426 anno,
1712 4353 1832 4407 mense
1858 4341 1894 4406 et
1915 4331 1970 4403 in·

555 4461 706 4537 dictione
724 4459 939 4555 subscriptis.

604 4584 729 4656 Datum
750 4582 786 4654 in
804 4585 890 4657 urbe
908 4583 999 4658 felici
1016 4583 1175 4658 Panormi
1200 4605 1261 4678 per
1283 4604 1405 4655 manns
1423 4581 1587 4656 Gualterii
1604 4580 1815 4654 venerabilis
1831 4579 1966 4672 TroJani

554 4708 708 4807 episcopi
726 4717 760 4784 et
783 4709 1021 4806 regnisicilie
1041 4707 1254 4800 cancellarii,
1278 4729 1372 4783 anno
1394 4707 1568 4786 dominice
1592 4704 1836 4781 incarnationis
1857 4701 1962 4794 MCC,
