4434 5942
505 475 547 537 30
1006 471 1222 536 intuuntur
1246 471 1421 535 suctum
1730 475 1812 554 [An.
1832 477 1920 542 litte.

556 607 752 683 Fridcricus
773 606 837 680 Dei
860 607 971 702 gratia
996 630 1061 680 rex
1082 608 1215 698 Sicilie,
1239 608 1388 682 ducatus
1409 605 1538 706 Apulia
1558 617 1595 681 ct
1615 608 1830 706 principatus
1854 615 1924 690 Cu-

509 756 592 831 pue,
611 731 812 806 homiuibus
830 734 876 806 dc
890 733 1004 807 Monte
1022 733 1186 808 Flascoue
1199 733 1362 807 iidciibus
1378 733 1451 806 suis
1466 734 1613 808 salutem
1633 743 1668 808 ct
1686 735 1918 814 dilectionem.

508 859 595 932 Cum
612 857 804 931 charissimi
830 858 867 930 iu
885 857 1018 933 Christo
1040 861 1147 956 patris
1162 859 1269 933 nostri
1291 859 1424 932 domiui
1444 860 1634 932 iunocentii
1656 862 1784 934 summi
1802 865 1924 958 ponti-

509 983 585 1057 licis
603 993 637 1056 et
650 983 802 1062 Ecclesic
816 984 967 1058 itomaue
984 985 1075 1058 circa
1089 1007 1152 1058 uos
1168 993 1204 1058 et
1221 1006 1367 1078 reguum
1384 993 1540 1056 nostrum
1556 1004 1627 1057 uon
1642 985 1779 1059 modica
1792 988 1923 1082 jugiter

508 1107 676 1182 beneficia
697 1107 902 1198 sentiamus,
922 1109 959 1180 in
980 1109 1111 1204 quihus
1132 1131 1316 1206 possumus
1337 1115 1434 1202 grata
1453 1106 1520 1180 sibi
1542 1107 1706 1180 volumus
1724 1109 1837 1184 filialis
1855 1111 1924 1186 dc-

509 1232 660 1306 vctiouis
683 1231 922 1306 vicissitudine
949 1235 1159 1330 respondere
1181 1243 1217 1308 et
1242 1243 1312 1306 tam
1338 1231 1498 1327 regaliter
1518 1253 1625 1328 qnam
1649 1233 1825 1308 humiliter
1846 1237 1923 1330 ejus

509 1358 653 1454 impiere
681 1357 934 1453 beneplacitum
958 1359 1159 1432 voluntatis.
1186 1357 1385 1431 Gaudemus
1410 1366 1526 1432 autem
1556 1356 1672 1453 quod,
1699 1359 1790 1432 sicut
1814 1381 1922 1434 accc-

509 1483 639 1580 pimus‚
658 1483 705 1558 ad
720 1481 919 1557 fidelitatem
935 1483 1055 1556 matris
1070 1493 1185 1558 vestre
1200 1492 1236 1556 ct
1252 1483 1361 1580 ipsius
1379 1484 1506 1556 summi
1520 1481 1694 1580 pontificis
1716 1483 1840 1557 humili
1856 1509 1924 1560 cu-

508 1609 610 1683 rastis
635 1606 820 1680 devotione
842 1605 955 1680 redire
982 1616 1017 1680 ct
1040 1607 1077 1679 iu
1099 1629 1141 1680 ca
1162 1606 1310 1682 fideliter
1335 1618 1370 1682 et
1394 1607 1537 1681 firmiter
1559 1609 1768 1704 permanetis
1786 1607 1852 1704 (t).
1872 1611 1924 1686 Ne

510 1743 627 1808 annm
642 1732 688 1806 de
699 1733 895 1824 juramento
908 1731 1004 1827 quod
1015 1733 1115 1806 nohis
1129 1733 1317 1830 prestitisse
1328 1731 1484 1806 dicimini
1496 1733 1534 1804 in
1551 1743 1728 1829 posterum
1742 1733 1921 1827 dubitetis,

512 1863 687 1951 presentes
699 1854 800 1928 vohis
819 1854 987 1928 duximus
1001 1857 1130 1930 litteras
1145 1855 1380 1949 destinandas,
1398 1857 1528 1952 quibus
1543 1866 1578 1930 et
1590 1856 1752 1930 allectum
1768 1867 1925 1932 nostrum

514 1980 743 2076 exprimimus
761 1979 846 2054 dum
864 1980 901 2054 id
922 1990 1058 2076 gratum
1074 1982 1257 2054 scribimus
1281 2003 1345 2054 nos
1366 1981 1512 2071 hahere,
1532 1989 1568 2054 et
1590 1991 1755 2076 tauquam
1773 1983 1926 2058 Ecclesia

514 2105 575 2179 filii
593 2127 658 2178 vos
679 2103 726 2178 ad
747 2103 945 2180 fidelitatem
963 2107 1039 2199 ejus
1057 2107 1218 2202 regaliter
1239 2106 1476 2197 exhortamur,
1492 2114 1672 2179 monentes
1689 2115 1728 2178 ut
1746 2107 1797 2180 sic
1819 2107 1856 2180 iu
1883 2129 1926 2182 ea

514 2230 697 2328 persistere
713 2232 902 2326 procuretis
923 2240 963 2303 ut
987 2252 1057 2304 nou
1076 2253 1123 2303 ex
1139 2229 1320 2305 temeraria
1341 2230 1498 2322 levitate,
1522 2229 1586 2305 scd
1606 2252 1653 2306 ex
1679 2230 1927 2308 deliberatione

516 2356 665 2430 discreta
682 2355 798 2451 potius
813 2355 859 2429 ad
875 2355 914 2430 id
935 2356 1124 2430 videamini
1141 2355 1363 2452 processisse.

564 2480 689 2552 ilatum
705 2479 877 2572 Panormi,
897 2479 991 2552 XXli
1007 2480 1137 2554 mensis
1149 2480 1254 2574 junii,
1275 2477 1429 2554 mounde
1443 2476 1655 2554 indictionis.

572 3124 813 3208 Innocentius
839 3151 939 3234 popa
965 3125 1150 3209 universis
1174 3126 1213 3208 in
1236 3153 1355 3237 regno
1383 3125 1532 3210 Siciliae
1558 3125 1773 3210 constitutis
1795 3134 1930 3208 notum

519 3257 611 3340 iacit
627 3257 822 3369 quomodo
839 3258 1081 3342 Murcueldus
1099 3259 1224 3369 primo
1242 3259 1608 3368 excommunicatae,
1628 3259 1766 3342 deinde
1782 3259 1832 3340 ed
1850 3257 1930 3340 ah-

559 3631 596 3708 (t)
615 3632 756 3707 Philippus
769 3633 823 3690 dux
834 3631 947 3691 Tusciae
960 3639 989 3690 ct
999 3633 1106 3691 ilenrici
1115 3635 1184 3692 sexti
1196 3633 1280 3693 irater
1292 3633 1363 3708 apud
1373 3633 1494 3692 Mentem
1505 3633 1661 3693 Flasccnem
1672 3631 1839 3702 morabatur,
1848 3645 1932 3708 quum

524 3732 715 3806 imperatorem
727 3731 756 3786 iu
769 3730 859 3788 Sicilie
872 3731 1031 3789 occubuisse
1044 3732 1177 3804 coguovit.
1185 3731 1262 3791 Unde
1276 3739 1369 3790 exorta
1381 3731 1452 3790 iuter
1462 3733 1608 3808 populares
1624 3733 1765 3804 seditione,
1780 3737 1844 3806 post
1857 3728 1933 3786 mul·

522 3837 578 3888 tam
595 3829 820 3888 'theutonicorum
840 3835 970 3903 stragem,
989 3845 1044 3887 nou
1064 3830 1121 3886 sius
1139 3845 1235 3902 magno
1254 3831 1408 3888 discrimine
1427 3832 1485 3905 ipse
1505 3831 1559 3888 dux
1577 3831 1612 3888 ab
1629 3830 1704 3888 ltelia
1725 3831 1839 3888 recessit
1859 3834 1888 3886 ct
1904 3829 1933 3885 in

525 3925 711 3986 hlemauuium
728 3941 867 3999 regressus
887 3932 940 3983 cst.
959 3925 999 3984 Ci.
1021 3926 1145 3984 eornm
1165 3927 1316 3998 Uasaunc„
1335 3943 1366 4002 p.
1384 3929 1447 4000 toti,
1469 3926 1630 3986 orionus
1657 3927 1687 3985 S·
1705 3927 1813 3996 Balsio,
1835 3943 1865 4000 p.
1886 3927 1932 3995 90,

523 4024 710 4097 etdtroncpr.
726 4023 1067 4098 Wcinp.ap.liuss,'lt·72.
1078 4023 1202 4081 Protinus
1211 4024 1461 4100 episcopi,uohiles,
1468 4025 1592 4083 ciuiuus
1601 4029 1629 4082 et
1640 4029 1731 4082 castra
1739 4022 1853 4080 Tusciae
1861 4019 1934 4096 apud

524 4123 640 4196 burgum
655 4121 745 4180 Sancti
761 4121 878 4194 Ginai,
896 4123 926 4177 tt
943 4121 1068 4180 novemb.
1090 4122 1170 4194 itti,
1188 4123 1448 4182 couloederaticuem
1466 4122 1583 4180 inierunt
1601 4122 1670 4195 (uid.
1688 4123 1767 4178 Runa
1781 4126 1811 4178 st
1824 4119 1934 4189 (ἔωσι,

523 4221 610 4292 Serto,
621 4219 717 4294 t.il,p.
726 4219 770 4293 oti
779 4237 786 4290 ;
796 4235 866 4294 quae
877 4225 969 4278 umen
980 4235 1034 4278 non
1045 4219 1129 4278 multo
1137 4226 1200 4294 pcst
1210 4221 1365 4280 innocentio
1377 4222 1457 4279 tertio
1466 4221 1603 4294 displicuit
1613 4219 1656 4296 (cl.
1665 4219 1757 4293 Epist.
1769 4220 1864 4276 lnncc.
1879 4217 1934 4288 iil,

524 4319 743 4390 lih.1,nl⁸td,88
756 4325 784 4376 ct
798 4317 966 4392 toilonum
977 4317 1048 4376 euim
1061 4333 1133 4392 papa
1145 4317 1258 4376 Tusciae
1274 4317 1401 4377 ducatum
1414 4319 1448 4377 ad
1463 4335 1542 4377 suum
1555 4315 1709 4376 demanium
1722 4317 1857 4391 pertinere
1870 4329 1934 4373 cou-

525 4417 658 4490 teuderet,
670 4417 745 4476 dedit
755 4433 866 4493 operam
877 4417 912 4474 ad
925 4416 1139 4496 recuperandum
1153 4416 1357 4488 lladicclauum‚
1372 4417 1655 4492 Aprempeudsutem,
1668 4415 1761 4472 &tam
1777 4419 1806 4470 ct
1817 4413 1936 4471 licutcru

525 4514 694 4586 Flascoucm3
714 4532 782 4590 quas
802 4515 964 4574 munitiones
983 4531 1032 4590 per
1054 4515 1177 4590 proprios
1199 4515 1358 4574 metelanos
1382 4515 1417 4573 ud
1436 4531 1534 4574 manus
1552 4531 1616 4576 suas
1635 4512 1765 4573 custodiri
1783 4509 1857 4572 iacit.
1872 4509 1935 4571 illd.

523 4612 664 4686 epistolam
675 4613 734 4672 libri
747 4614 836 4688 primi,
852 4625 884 4673 u⁰
898 4619 960 4686 ost,
975 4619 1003 4672 et
1017 4613 1089 4674 dett.
1103 4614 1256 4687 innocent,
1269 4630 1327 4690 cap
1340 4614 1393 4674 xit
1403 4620 1432 4674 et
1444 4615 1519 4676 iiii.
