4334 5980
1011 510 1225 572 aaronem!
1252 510 1426 573 sactum
1731 513 1811 590 [An.
1831 512 1919 576 1212

327 1109 470 1167 mamea]
565 1091 763 1179 Conradus
777 1095 950 1183 Metensis
969 1103 1006 1177 et
1024 1094 1211 1205 Spirensis
1229 1095 1444 1207 episcopus,
1467 1095 1673 1206 imperialis
1693 1094 1802 1178 aulae
1819 1121 1919 1178 ean-

509 1225 703 1334 cellariuS,
730 1229 903 1340 Philippo
928 1229 1161 1313 Francorum
1184 1229 1265 1342 regi
1291 1231 1441 1314 nuntiat
1465 1229 1699 1314 Fridericum
1724 1229 1764 1312 in
1791 1254 1920 1340 regem

509 1361 766 1446 Romanorum
786 1363 1004 1447 solemniter
1022 1364 1125 1474 apud
1142 1363 1400 1449 Frankenrort
1415 1363 1578 1448 electum
1595 1373 1633 1446 et
1645 1364 1748 1474 apud
1760 1360 1920 1474 Magan-

510 1497 602 1579 tiam
621 1508 844 1610 coronatum
862 1497 1000 1606 fuisse,
1020 1499 1201 1609 additque
1224 1524 1265 1583 se
1286 1507 1324 1581 et
1347 1498 1441 1582 alios
1463 1497 1611 1608 imperii
1637 1497 1825 1607 principes
1843 1495 1919 1578 fir-

510 1631 621 1713 miter
638 1632 943 1742 compromisisse
960 1632 1065 1742 quod
1082 1657 1282 1742 nunquam
1302 1632 1481 1718 Ottonem
1494 1631 1639 1716 dictum
1655 1631 1919 1742 imperatorem

510 1790 580 1873 pro
598 1765 769 1872 domino,
785 1791 874 1876 rege
891 1765 950 1850 rel
968 1766 1194 1875 imperatore
1211 1766 1404 1876 recipient.

593 1977 710 2058 (Inedtt.
731 1981 762 2040 tn
782 1979 895 2042 archiv.
911 1996 1011 2059 gener.
1027 1978 1148 2053 Frena,
1162 1985 1263 2040 wrtoa
1273 1979 1300 2039 J.
1316 1989 1385 2054 sao,
1400 1989 1433 2039 n⁰
1448 1988 1482 2053 a,
1496 1996 1535 2040 ex
1548 1980 1682 2058 originali
1694 1981 1781 2058 enjus
1793 1979 1920 2056 nglllum

632 2091 716 2164 tergo
737 2102 930 2165 pergamenae
950 2063 1077 2147 affixum
1097 2091 1161 2147 erat
1182 2103 1237 2164 ope
1256 2089 1399 2165 segmenti
1417 2085 1642 2148 membranacei.
1659 2085 1700 2147 At
1718 2085 1779 2147 duo
1803 2093 1920 2147 tantum

630 2191 776 2254 foramina
797 2193 885 2254 hodie
907 2197 1068 2254 remanent.
1088 2195 1181 2256 Notae
1201 2193 1423 2273 chronologicae
1435 2195 1556 2254 omnino
1575 2193 1701 2267 desum,
1718 2193 1771 2254 sed
1783 2191 1869 2254 tactio
1881 2210 1920 2254 ex

633 2299 736 2362 ordtne
751 2317 850 2361 rerum
862 2297 1059 2378 supplentur.)

561 2483 809 2558 Gloriosiesimo
827 2485 968 2558 domino
985 2487 1047 2559 Ph.
1066 2486 1183 2560 inclito
1207 2487 1412 2560 Francorum
1436 2485 1532 2578 regi,
1553 2484 1591 2557 C.
1613 2483 1675 2556 Dei
1692 2485 1801 2579 gratia
1825 2486 1920 2558 Met-

511 2607 617 2682 tensis
631 2619 666 2682 et
675 2609 845 2706 Spirensis
858 2611 1055 2708 episcopus,
1065 2611 1252 2708 imperialis
1267 2612 1347 2684 aule
1362 2610 1596 2702 canceltariue,
1610 2609 1841 2683 voluntarium
1858 2633 1921 2684 sue

512 2734 745 2831 possibilitatis
766 2735 802 2808 in
824 2737 986 2809 omnibus
1010 2747 1044 2809 et
1063 2758 1125 2832 per
1144 2735 1260 2808 omnia
1280 2735 1486 2829 obsequium
1508 2755 1589 2806 cnm
1613 2733 1778 2808 oratione.
1802 2731 1923 2808 Grates

514 2859 699 2932 immensas
725 2867 839 2932 vestre
862 2859 1040 2933 referimus
1069 2859 1163 2950 regie
1185 2859 1353 2952 majestati
1379 2879 1483 2954 snper
1507 2879 1549 2930 eo
1577 2857 1674 2950 qnod
1696 2880 1759 2952 per
1778 2859 1923 2933 nuncios

515 2994 667 3075 vestros,
688 2983 850 3057 videlicet
872 2984 1051 3056 dominnm
1073 2986 1251 3078 Hugonem
1270 2984 1412 3056 militem
1440 2981 1486 3056 de
1515 2981 1627 3056 Athiis
1656 2993 1691 3054 et
1719 2984 1921 3078 magistram

514 3109 553 3180 B.
574 3107 758 3180 familiares
770 3118 916 3200 vestros,
929 3109 1023 3181 viros
1040 3111 1160 3204 utique
1175 3109 1383 3205 providoset
1396 3107 1575 3198 discretos,
1589 3106 1636 3182 ad
1647 3108 1921 3204 promovendum

513 3358 652 3452 augusti
669 3365 704 3430 et
721 3357 813 3452 regis
831 3357 946 3430 Sicilie
965 3379 1028 3431 nos
1044 3359 1228 3431 sollicitare
1250 3357 1411 3444 curastis,
1435 3357 1515 3430 lieet
1532 3377 1595 3428 nos
1612 3378 1691 3428 cnm
1708 3365 1778 3430 tota
1798 3357 1923 3430 mentis

515 3490 550 3555 et
566 3480 718 3578 eorporis
732 3481 918 3556 intentione
933 3481 1000 3556 hoc
1013 3483 1125 3556 tacere
1143 3483 1452 3578 proposuissemus.
1472 3481 1627 3553 Vestram
1645 3479 1817 3574 siquidem
1835 3480 1923 3554 scira

515 3607 675 3701 cupimus
693 3605 982 3698 magnificentiam
1000 3608 1094 3700 quod
1121 3628 1185 3679 nos
1209 3627 1289 3678 cum
1313 3589 1433 3678 ceteris
1456 3601 1719 3676 mensuratam
1737 3605 1923 3678 ecclesias-

517 3729 594 3800 ticis
610 3751 714 3823 qnam
737 3729 950 3802 secularibus
974 3731 1189 3826 principibus
1208 3729 1340 3802 dictum
1360 3727 1539 3802 dominnm
1562 3737 1716 3802 nostrum
1737 3729 1775 3800 F.
1796 3731 1924 3802 Roma-

517 3875 641 3926 norum
668 3855 904 3949 imperatorem
923 3855 1069 3928 electum
1092 3855 1128 3926 in
1149 3855 1269 3948 vigilia
1291 3853 1387 3926 Beati
1411 3853 1540 3926 Nicolai
1558 3851 1611 3950 (t)
1628 3853 1723 3950 apud
1744 3854 1925 3927 Franken-

553 4162 590 4236 (t)
609 4161 715 4220 Scilicet
726 4162 820 4236 qrnnto
832 4161 876 4218 die
888 4161 1261 4235 decembris.Unde,sieutat
1274 4163 1492 4237 expraeeedente
1504 4161 1769 4238 dementatione
1781 4163 1925 4222 namma

517 4261 691 4321 Leodiensom
704 4259 841 4334 paululum
856 4259 883 4316 in
897 4260 1034 4318 notatione
1046 4261 1174 4335 temporis
1186 4275 1304 4332 errasse,
1319 4275 1403 4334 quum
1416 4261 1454 4319 ita
1467 4261 1538 4318 dieat
1549 4279 1556 4316 :
1566 4280 1580 4316 r
1591 4260 1741 4318 Fridericus
1756 4277 1825 4336 puer
1836 4260 1927 4318 Fran-

520 4379 534 4412 »
548 4358 653 4417 kentort
663 4358 806 4416 revertitur
818 4357 950 4415 dominica
962 4359 1047 4432 prima
1060 4358 1189 4415 adventus
1200 4357 1305 4416 Domini
1315 4359 1341 4430 (Ξ
1353 4357 1498 4432 decenn),
1507 4357 1644 4430 eligendas
1653 4359 1680 4414 in
1689 4358 1924 4432 imperatorem...

521 4457 688 4515 »Dominica
705 4455 791 4529 prima
806 4455 937 4514 adventus
953 4456 1058 4512 Domini
1079 4455 1210 4512 maxims
1227 4460 1375 4513 conventas
1392 4455 1544 4530 principum
1565 4454 1691 4513 convenit
1712 4461 1740 4512 et
1760 4455 1925 4512 Frideriemn

520 4575 534 4608 s
548 4569 663 4630 puerum
676 4553 863 4628 imperatorem
876 4554 965 4629 elegit.
976 4553 1048 4610 Inter
1058 4569 1126 4627 quos
1135 4553 1242 4611 iuarrmt
1250 4553 1341 4610 nuncii
1354 4553 1454 4612 domini
1466 4569 1553 4628 papae
1563 4559 1592 4610 et
1604 4553 1690 4610 nunti
1700 4551 1772 4626 ragis
1786 4551 1923 4626 Francius,

521 4671 535 4708 s
550 4657 579 4710 at
589 4651 660 4710 sicut
672 4635 753 4710 nobis'
764 4651 877 4710 relatum
890 4658 942 4724 est,
952 4650 1061 4710 fuorunt
1073 4649 1112 4709 ibi
1125 4651 1334 4726 quinquemillia
1345 4651 1488 4710 militam.»
1496 4651 1663 4710 Hermannrrs
1673 4649 1828 4710 alanensis
1840 4650 1927 4725 magis
