4334 5980
332 955 472 1062 lm

356 1063 443 1107 nertio.

1016 441 1230 504 tolonum!
1254 441 1431 505 succum
1744 439 1826 521 [dn.
1843 438 1929 502 1212

572 940 785 1024 Fridericus
815 968 883 1026 rex
914 941 1083 1050 Siciliae,
1111 943 1152 1024 in
1183 944 1443 1028 Romanorum
1474 944 1743 1054 imperatorem
1772 943 1929 1048 electus,

520 1074 644 1159 anae
675 1075 955 1185 archiepiscopo
987 1075 1193 1158 Cuseufino
1222 1087 1261 1159 et
1290 1076 1470 1160 ecclesiae
1500 1076 1584 1187 ejus
1610 1075 1771 1186 judaeos
1800 1101 1931 1160 omues

518 1219 558 1291 et
574 1209 791 1292 tinctorium
811 1207 1042 1319 judaeomm
1059 1209 1099 1290 iu
1117 1208 1268 1292 civitate
1286 1209 1487 1294 cusentiae
1510 1210 1579 1292 dat
1597 1217 1636 1292 et
1652 1210 1692 1290 iu
1710 1209 1931 1320 perpetium

518 1343 705 1427 concedit.

600 1531 700 1612 (Edld.
713 1533 869 1606 Uaramus,
884 1527 955 1594 Ital.
965 1547 1064 1606 rana,
1078 1536 1104 1594 t.
1117 1531 1178 1611 lx,
1188 1547 1219 1609 p.
1230 1531 1386 1610 roaros.)

568 1695 608 1768 lu
625 1694 765 1768 nomine
780 1695 845 1768 Dei
862 1694 970 1768 eterni
984 1703 1019 1768 et
1033 1693 1220 1768 salvatoris
1234 1694 1340 1768 nostri
1357 1693 1441 1766 lesu
1454 1693 1593 1768 Christi.
1609 1692 1733 1768 Amen.
1748 1691 1932 1766 Fedeieus

520 1815 643 1894 divina
668 1820 805 1892 favente
824 1819 1005 1892 elementia
1023 1841 1087 1893 rex
1110 1819 1245 1908 Sicilie,
1268 1817 1418 1892 ducatus
1439 1817 1566 1916 Apulia
1586 1827 1623 1892 et
1642 1819 1854 1914 principatus
1869 1817 1931 1890 Gn·

521 1965 609 2040 pue,
628 1944 665 2015 in
682 1945 914 2017 Romanorum
931 1944 1173 2040 imperatorem
1187 1943 1332 2018 electus.
1348 1943 1475 2016 Divino
1490 1943 1726 2018 misericordie
1743 1944 1844 2036 eujus
1861 1963 1932 2016 me·

521 2067 743 2164 guitndinem
757 2067 1049 2163 comprehendere
1061 2089 1131 2140 nou
1144 2067 1349 2156 sufficimus,
1362 2067 1443 2140 lieet
1456 2067 1668 2140 incrementa
1679 2067 1745 2158 [in]
1761 2067 1861 2140 nobis
1873 2089 1931 2142 es-

519 2192 625 2266 sidua
641 2192 851 2280 sentiamus,
874 2201 958 2264 tune
974 2193 1099 2266 melius
1123 2201 1160 2266 et
1172 2192 1316 2285 dignius
1333 2191 1520 2286 gratiam
1540 2202 1576 2264 et
1590 2193 1836 2286 obsequiorum
1854 2203 1931 2266 voto

521 2317 769 2414 rependimus·
782 2339 861 2390 cnm
880 2327 1113 2391 sacrosanctas
1129 2317 1294 2391 aeclesias
1312 2317 1373 2390 ubi
1387 2318 1518 2412 jugiter
1532 2317 1608 2413 ipse
1623 2313 1752 2415 [Dens]
1775 2315 1933 2390 laudatar

522 2453 560 2518 et
587 2443 727 2534 colitur,
756 2440 1012 2537 magnificentie
1040 2452 1157 2516 nostre
1183 2439 1361 2515 benefieiis
1390 2441 1612 2516 honoramus.
1641 2442 1714 2514 llae
1735 2441 1769 2512 si
1791 2437 1931 2536 quidem

523 2567 817 2658 consideratione,
836 2565 1054 2640 attendentes
1076 2567 1181 2640 ctiam
1206 2564 1288 2638 fidei
1313 2566 1496 2662 puritatem
1513 2575 1549 2640 et
1569 2574 1668 2659 grata
1683 2564 1934 2660 obsequiaque

522 2702 561 2766 tu
578 2693 701 2783 Lucas,
715 2691 924 2766 venerabilis
936 2689 1403 2786 Cuseutinanrcbiepiscope,
1416 2689 1529 2763 fidelis
1539 2699 1667 2781 noster,
1681 2689 1935 2785 infatigabiliter

523 2817 723 2912 impendisti
751 2815 921 2890 hacteuus
945 2825 980 2890 et
1003 2816 1169 2890 exhibere
1186 2815 1362 2889 humiliter
1382 2817 1550 2910 majestati
1573 2826 1689 2890 nosne
1711 2837 1781 2890 nou
1801 2835 1933 2900 cossas,

523 2941 810 3035 supplicationem
831 2949 927 3012 tuam
950 2939 996 3012 ds
1021 2939 1245 3012 concedenda
1261 2939 1406 3012 ecclesie
1423 2949 1482 3012 tue
1504 2959 1679 3034 synagoga
1695 2938 1881 3032 judeorum
1899 2938 1933 3010 iu

523 3065 664 3138 civitate
680 3073 795 3138 nostra
812 3063 972 3138 Cusentie
985 3065 1197 3158 benignitate
1209 3065 1310 3138 solita
1323 3063 1491 3138 duximus
1502 3061 1770 3148 admittendam
1791 3062 1935 3156 dignum

525 3188 640 3264 modis
654 3189 816 3264 omuibus
830 3189 1067 3264 existimantes
1080 3198 1120 3263 at
1133 3189 1263 3262 inimici
1279 3187 1393 3261 erneis
1405 3187 1670 3262 crucifixoribus
1683 3187 1936 3275 deserviant,si

523 3315 612 3388 torte
629 3313 677 3388 ad
693 3313 849 3388 notitiam
862 3314 1062 3408 evangeliea
1078 3311 1162 3388 fidei
1175 3313 1327 3386 Ecclesie
1341 3312 1524 3386 serviendo
1536 3313 1746 3409 pertingant.
1757 3314 1808 3386 lle
1820 3313 1936 3384 inuata

525 3439 632 3534 igitur
653 3439 753 3510 uobis
779 3438 978 3532 elementia,
997 3447 1115 3512 eterrm
1140 3437 1376 3510 retributionis
1394 3437 1559 3527 obtentu,
1580 3459 1642 3534 pm
1662 3437 1774 3511 salute
1798 3457 1938 3532 quoque

524 3562 718 3638 animarum
732 3561 884 3634 felicium
898 3571 1124 3654 angustorum
1137 3570 1321 3658 pauentum
1334 3571 1527 3636 noseorum
1539 3561 1749 3637 recensendo
1760 3561 1935 3648 memorie,

523 3685 652 3760 damus
669 3695 705 3758 et
723 3685 946 3759 concedimus
966 3687 1073 3760 libere
1095 3686 1158 3758 tibi
1180 3688 1319 3782 tuisque
1340 3686 1597 3761 snoooesoribus
1620 3683 1692 3786 [ct]
1710 3685 1853 3760 eeclesia
1870 3685 1937 3758 Cu·

527 3809 663 3884 seutiae
674 3807 801 3902 judeos
813 3830 934 3882 omues
950 3819 986 3882 et
1000 3810 1193 3884 tinctorium
1206 3811 1396 3884 incivitate
1409 3811 1581 3904 Cossutio,
1597 3810 1855 3886 mandantes'nt
1872 3809 1939 3907 ipsi

429 3921 434 3926 ⁵
520 3933 626 4030 judei
643 3933 757 4008 cidem
775 3933 919 4006 ecclesie
941 3933 987 4008 de
1006 3933 1163 4010 tinctoris
1185 3944 1221 4009 et
1236 3935 1399 4008 omuibus
1420 3936 1499 4009 aliis
1520 3936 1728 4027 rationibus,
1750 3935 1840 4008 sient
1855 3935 1940 4008 hae·

527 4069 629 4131 tenus
645 4066 901 4131 consueverunt
916 4057 1113 4131 camerariis
1130 4057 1273 4151 uostris3
1294 4057 1448 4132 debeant
1465 4070 1631 4155 perpetuo
1645 4060 1867 4156 respondem.
1883 4058 1939 4132 Ad

529 4184 635 4277 hujus
654 4191 771 4256 autem
793 4190 908 4255 nostm
931 4181 1127 4256 donationis
1149 4193 1185 4256 et
1201 4183 1439 4257 concessionis
1458 4183 1658 4258 memoriam
1673 4195 1709 4257 at
1732 4185 1837 4258 robur
1858 4205 1941 4280 per-

527 4318 634 4406 petuo
650 4307 849 4400 valiturum,
863 4327 1004 4403 presens
1019 4307 1239 4404 privilegium
1254 4329 1316 4404 per
1329 4330 1453 4381 manus
1466 4307 1664 4382 Bouominis
1680 4308 1725 4383 de
1736 4309 1854 4403 Gajeta
1870 4331 1941 4382 uo·-

528 4431 607 4526 tarii
625 4430 792 4506 et-fidelis
809 4431 916 4505 nostri
934 4431 1039 4504 scribi
1054 4439 1089 4505 ct
1110 4432 1296 4524 majestatis
1320 4441 1439 4508 nostre
1463 4433 1577 4530 sigillo·
1599 4433 1817 4532 precepimus
1838 4455 1941 4508 oom-

528 4554 674 4647 muniri,
695 4576 806 4648 anno,
827 4576 947 4630 mense
963 4565 999 4630 et
1013 4554 1202 4630 indictione
1218 4555 1448 4652 subscriptis..
1552 4589 1569 4626 a
