4334 5980
237 525 334 588 {aaron
352 525 394 602 1.]
681 518 880 580 HISTORIA
899 515 1196 580 DIPLOMPTICA.
1584 509 1646 570 229

360 653 550 719 rabanum
573 651 702 716 catam
726 654 954 716 Pcacmilcacc
979 660 1008 715 ct
1030 648 1155 732 capellae
1177 647 1236 709 diei
1256 645 1341 708 Petri
1360 646 1394 707 ia
1414 647 1493 726 rapio
1513 642 1641 708 Palatio.

356 765 442 826 Errat
454 769 555 824 umen
570 763 674 836 edltor,
684 761 757 823 dum
771 779 832 823 uno
845 761 1041 822 lndlctlonum
1053 759 1137 839 cyclo
1151 758 1269 835 penitus
1279 753 1464 828 omisso,boc
1472 752 1646 815 mandatum

357 869 395 931 ad
407 885 479 931 ann.
495 877 572 931 1198
586 865 731 946 reponat.)

285 1053 479 1130 Fridaricus
495 1055 557 1130 Dei
575 1054 686 1150 gratia
709 1075 773 1128 rex
792 1055 1021 1128 Romanorum
1040 1073 1176 1148 semper
1192 1057 1362 1144 angustus
1382 1057 1417 1121 et
1436 1069 1500 1122 rex
1517 1045 1643 1138 Sicilie,

238 1181 402 1254 universo
419 1181 570 1278 capitulo
588 1180 683 1274 regie
701 1179 855 1276 cappello
871 1177 1030 1252 Panormi
1049 1176 1211 1251 fidelibus
1229 1173 1301 1248 suis
1324 1173 1470 1248 salutmn
1487 1181 1523 1244 et
1540 1171 1646 1246 dilec-

238 1305 379 1379 tionem.
400 1306 526 1380 Notnm
544 1305 690 1378 lacimns
710 1303 866 1378 fidelitati
887 1311 1004 1378 vestre
1021 1302 1118 1397 quod
1139 1323 1203 1374 nos
1224 1321 1286 1396 pro
1305 1297 1408 1372 valde
1428 1306 1526 1390 grato
1549 1306 1584 1370 et
1606 1296 1646 1368 fi·

239 1429 309 1505 deli
326 1430 467 1504 servitio
484 1427 579 1524 qnod
593 1431 742 1502 loannes
756 1428 802 1502 da
816 1429 996 1516 Sulmona,
1016 1425 1169 1500 nomrins
1185 1434 1220 1498 et
1236 1424 1347 1498 fidelis
1362 1401 1488 1514 noster,
1508 1423 1647 1494 celsitu-

240 1554 313 1629 dini
337 1562 453 1628 nostre
471 1553 637 1628 hactenus
654 1553 814 1628 exhibuit
831 1560 866 1626 et
887 1553 923 1624 in
947 1559 1047 1625 antea
1064 1549 1189 1648 poterit
1206 1548 1389 1639 exhibere,
1407 1570 1470 1644 pro
1492 1569 1535 1622 eo
1551 1548 1646 1644 quod

239 1678 420 1752 uobiscum
445 1677 482 1750 in
499 1677 738 1752 allemanniam
755 1677 802 1752 ad
817 1677 959 1751 servitia
983 1683 1099 1749 nostra
1123 1673 1270 1748 devotus
1294 1673 1452 1764 accessit,
1474 1671 1519 1745 de
1537 1671 1647 1766 gratia

240 1811 355 1876 nostra
375 1801 609 1876 concessimus
632 1803 665 1875 ei
688 1803 801 1874 locum
825 1810 861 1874 et
879 1801 1019 1875 stallum
1046 1823 1152 1896 quem
1175 1799 1257 1872 olim
1281 1799 1442 1891 magister
1464 1797 1646 1872 Gratianus

239 1926 361 2000 babuit
375 1927 410 1998 in
426 1927 500 2022 ipsa
512 1926 668 2023 cappella
682 1933 799 2000 nostra
811 1925 983 2000 Panormi.
1000 1925 1115 2010 Quare
1129 1921 1287 1996 fidelitati
1298 1932 1412 1996 vestre
1424 1919 1647 2018 precipiendo

240 2049 446 2124 mandamus
470 2061 641 2144 quatenns
662 2049 817 2146 predicto
839 2051 971 2124 notario
989 2050 1047 2125 vel
1068 2052 1145 2144 ejus
1171 2048 1299 2122 nuncio
1323 2046 1517 2144 predictum
1533 2046 1647 2118 locum

240 2185 276 2248 et
288 2176 439 2262 stallum,
453 2176 599 2270 receptis
616 2174 671 2248 his
689 2175 823 2268 litteris,
837 2175 1033 2270 assignetis,
1044 2175 1133 2246 sient
1151 2171 1323 2248 confiditis
1336 2173 1383 2248 de
1396 2172 1506 2268 gratia
1515 2179 1642 2244 nostra.

290 2301 412 2372 Datum
430 2299 645 2388 Guarmacie,
665 2299 711 2372 111
731 2298 937 2390 decembris,
958 2301 973 2372 1
992 2298 1192 2374 indictione.

295 2632 461 2716 Parisios
478 2633 771 2718 Panormitanus
789 2634 930 2719 electus
947 2636 1090 2719 eisdem
1109 2635 1238 2720 scribit
1254 2637 1303 2720 de
1320 2637 1452 2720 eadem
1470 2662 1524 2720 re.

324 2847 463 2931 (Ibidem,
477 2859 617 2928 p.ll,n⁰
631 2851 713 2931 XX.)

291 3040 441 3115 Parisios
457 3042 521 3115 Dei
544 3041 654 3138 gratia
671 3041 933 3118 Panormitanns
956 3045 1085 3118 electus
1112 3055 1147 3118 et
1176 3042 1308 3118 domini
1333 3043 1423 3138 regis
1449 3043 1645 3134 familiaris,

242 3165 406 3240 universo
430 3167 581 3264 capitulo
610 3168 706 3260 regie
734 3169 889 3265 cappella
909 3168 1084 3258 Panormi,
1110 3167 1243 3242 dilectis
1268 3169 1305 3241 in
1327 3167 1459 3242 Christo
1489 3167 1650 3242 iratribus

242 3289 362 3364 amicis
386 3291 476 3382 suis,
497 3293 644 3365 salutem
669 3300 704 3365 et
731 3293 865 3365 sincere
890 3292 1083 3366 dilectionis
1108 3291 1281 3366 affectum.
1294 3291 1513 3366 Universitati
1535 3301 1649 3365 vestra

242 3413 402 3487 volumus
427 3437 503 3488 esse
526 3425 647 3488 notum
673 3414 771 3513 quod
796 3415 960 3488 dominus
985 3425 1100 3490 noster
1128 3415 1367 3491 serenissimus
1387 3437 1451 3490 rex
1471 3415 1517 3491 de
1540 3415 1651 3512 gratia

243 3559 307 3610 sna
334 3539 500 3613 concessit
526 3539 650 3614 loanni
675 3538 721 3614 de
743 3541 907 3614 Sulmone
936 3542 1069 3615 notario
1086 3563 1165 3636 suo,
1187 3541 1311 3616 dilecto
1333 3551 1466 3634 nostro,
1490 3542 1603 3616 locum
1618 3551 1654 3616 at

243 3663 380 3736 stallum
398 3685 504 3757 quem
521 3664 605 3736 olim
622 3664 786 3760 magister
804 3665 986 3739 Gratianus
1008 3667 1045 3738 in
1067 3665 1190 3740 cadam
1209 3667 1366 3763 cappella
1382 3667 1478 3761 regia
1499 3665 1653 3739 noscitur

242 3787 414 3860 babuisse
440 3789 555 3874 Quare
573 3789 747 3863 dilectioni
758 3801 872 3865 vestre
889 3790 1096 3866 mandamus
1110 3801 1144 3865 et
1157 3813 1204 3865 ex
1217 3791 1312 3886 regia
1330 3800 1428 3887 parte
1446 3791 1654 3888 precipimus

242 3921 414 4007 quatenus
432 3911 587 4009 predicto
601 3913 728 3990 dilecto
745 3917 879 3990 notario
893 3916 1018 3989 Ioanni
1036 3917 1093 3990 vel
1106 3917 1182 4009 ejus
1196 3915 1318 3990 nuntio
1331 3917 1448 3989 locum
1463 3923 1498 3988 et
1515 3917 1654 3989 stallum

242 4057 346 4132 quem
363 4037 541 4133 predictus
554 4039 716 4135 magister
732 4039 914 4116 Gratianus
931 4041 969 4113 iu
987 4040 1063 4136 ipsa
1079 4040 1177 4136 regia
1196 4040 1350 4138 cappella
1361 4039 1542 4130 habuerat,
1550 4039 1654 4130 juxta

244 4161 446 4236 mandatum
466 4164 603 4256 regium
620 4164 815 4259 assignetis.

293 4286 418 4359 Datum
434 4287 649 4382 Guarmacie,
670 4289 715 4361 ΙΙΙ
732 4287 937 4383 decembris,
957 4289 972 4364 1
991 4287 1191 4366 indictione.
