4378 5954
243 581 349 642 luorcu
365 577 426 656 lt]
694 573 892 657 tttsroult
918 575 1211 638 nlrtomnrlctt.
1603 571 1660 636 163

249 713 402 811 possidet
420 721 482 786 aut
501 711 537 782 iu
560 711 712 782 futurum
727 710 820 801 justo
837 711 952 799 titulo,
973 721 1145 807 prestante
1159 713 1325 804 Domino,
1353 713 1476 808 poterit
1497 711 1656 806 adipisci.

250 840 294 912 Ut
311 839 419 931 igitur
430 835 669 932 supradictum
687 836 928 908 monasterium
946 839 1052 910 nostri
1074 839 1202 912 fauoris
1227 837 1441 934 plenitudine
1461 837 1611 933 gaudeat
1626 843 1661 908 et

250 965 287 1036 in
311 973 400 1036 statu
424 959 678 1056 tranquillitatis
700 961 878 1046 consistat,
906 971 941 1034 at
963 971 1002 1034 ut
1026 985 1166 1059 presens
1192 973 1306 1037 nostre
1329 963 1464 1059 pietatis
1487 960 1662 1034 consessio

251 1086 350 1160 firma
367 1086 433 1158 sibi
453 1095 488 1160 et
505 1085 635 1158 illibata
652 1085 825 1180 persistat,
844 1107 986 1180 presens
1011 1099 1126 1162 nostre
1148 1089 1334 1183 majestatis
1358 1086 1578 1186 privilegium
1600 1106 1669 1196 per·

250 1233 375 1284 manus
392 1209 530 1284 Aldoini
554 1209 677 1282 notarii
699 1219 734 1282 et
758 1208 869 1284 fidelis
893 1212 999 1284 nostri
1025 1214 1128 1286 scribi
1155 1225 1190 1288 et
1218 1214 1332 1308 sigillo
1359 1222 1475 1285 nostro
1495 1211 1662 1304 jussimus

253 1335 429 1429 insigniri,
451 1353 561 1425 anno,
582 1355 700 1408 mense
716 1343 751 1406 et
768 1333 956 1408 indictione
972 1337 1186 1433 subscriptis.

302 1461 387 1532 Data
409 1457 445 1530 in
464 1458 603 1531 civitate
619 1457 782 1532 Cathanie
800 1481 861 1554 per
878 1482 1002 1535 manus
1020 1461 1184 1535 Guulterii
1204 1461 1250 1534 de
1268 1461 1407 1534 Pallene
1426 1457 1490 1555 (a),
1513 1479 1663 1532 venera-

255 1584 333 1655 bilis
350 1582 585 1656 Gathaniensie
603 1583 756 1678 episcopi
774 1592 809 1655 et
826 1585 922 1677 regni
941 1585 1056 1658 Sicilie
1073 1586 1281 1676 cancellarii,
1303 1605 1394 1658 anno
1413 1583 1585 1656 dominice
1603 1583 1665 1654 in-

255 1707 462 1782 carnationis
478 1707 661 1780 millesimo
680 1706 916 1781 ducentesimo
935 1707 1084 1800 decimo,
1104 1731 1222 1784 mense
1237 1708 1401 1801 januarii,
1420 1707 1665 1780 tertiadecima

255 1832 471 1922 indictionis,
498 1831 597 1926 regni
624 1851 708 1904 voro
734 1830 866 1906 domini
896 1834 1002 1906 nostri
1028 1833 1190 1908 Friderici
1218 1834 1280 1908 Dei
1308 1831 1418 1926 gratia
1445 1829 1666 1905 illustrissimi

255 1957 347 2052 regis
364 1956 493 2047 Sicilie,
514 1955 661 2030 ducatus
678 1955 804 2052 Apulis
820 1965 855 2030 et
873 1957 1085 2054 principatus
1101 1958 1218 2053 Capoe
1236 1978 1329 2032 anno
1343 1954 1563 2042 duodecimo,
1584 1955 1667 2028 teli-

254 2081 350 2154 citer.
372 2081 495 2154 Amen.

501 2387 1442 2404 mmmm—m—-u——ffl

310 2667 339 2750 F
341 2666 523 2752 ridericus
549 2694 617 2752 rex
644 2669 792 2753 Siciliae
817 2669 1048 2752 monasterio
1070 2670 1118 2752 de
1145 2668 1272 2752 Salem
1293 2667 1494 2750 confirmat
1510 2667 1670 2752 Runstul

257 2809 296 2881 et
326 2799 496 2884 Uberach
526 2827 616 2884 cum
642 2802 822 2886 omnibus
853 2802 1097 2912 appenditiis,
1129 2802 1227 2884 siout
1251 2801 1344 2884 olim
1372 2827 1395 2883 a
1423 2802 1597 2884 Conrado
1625 2801 1673 2882 de

260 2932 509 3016 Suaremberc
525 2934 648 3016 eidem
665 2935 896 3017 monasterio
913 2935 1051 3017 collata
1068 2933 1236 3017 fuerunt.

308 3191 312 3202 .
340 3149 453 3226 (lnedlt
469 3166 508 3210 ex
521 3150 589 3212 llbr.
601 3166 732 3230 pergam.
742 3153 877 3232 prlrtlcg.
887 3157 1013 3213 monast.
1025 3151 1157 3214 sur-tt.
1167 3153 1199 3211 ln
1213 3149 1334 3211 arcblvo
1347 3149 1565 3230 utrumnum,
1573 3151 1630 3212 vol.
1643 3151 1670 3226 I,

380 3257 430 3317 tot.
445 3261 563 3333 ur-us.)

310 3447 349 3516 ln
367 3445 509 3518 nomine
525 3445 586 3519 Dei
610 3447 717 3519 eterni
735 3456 769 3519 et
786 3445 971 3519 saluatoris
992 3445 1100 3518 nostri
1122 3443 1229 3517 ihesu
1247 3443 1384 3516 Christi.
1406 3441 1530 3518 Amen.
1556 3443 1673 3518 Fride·

263 3570 355 3642 ricus
380 3569 501 3644 divina
525 3571 662 3645 iouente
686 3570 866 3652 clementia
893 3591 958 3644 rex
982 3569 1126 3665 Sycilie,
1155 3567 1304 3642 ducatus
1329 3567 1455 3664 Apulie
1480 3578 1515 3641 et
1544 3569 1674 3666 princi·

263 3703 364 3789 patus
382 3694 510 3790 Capue.
525 3697 615 3767 luter
629 3704 741 3768 cetera
759 3693 895 3790 pietatis
908 3715 1011 3789 opera
1027 3693 1157 3788 quibus
1172 3693 1301 3788 regiam
1316 3692 1498 3766 intendere
1509 3693 1674 3770 coudecet

264 3819 488 3908 majestatem,
500 3817 587 3891 illud
599 3818 794 3913 specialiter
813 3817 958 3910 dignum
977 3825 1093 3890 eterne
1108 3816 1340 3890 retributionis
1358 3819 1490 3912 premio
1505 3817 1671 3912 creditur,

264 3941 293 4012 si
314 3951 548 4015 sacrosanctas
569 3944 732 4016 ecclesias
753 3953 788 4014 et
808 3941 1014 4015 monasteria
1042 3941 1102 4013 ubi
1120 3942 1212 4014 Deus
1239 3941 1379 4015 assidue
1400 3943 1617 4016 collaudatur
1640 3953 1675 4016 et

264 4065 388 4138 colitur
411 4067 470 4162 pia
496 4066 768 4144 consideratione
781 4067 1001 4161 respicimus,
1020 4075 1192 4140 eteorum
1210 4067 1473 4140 necessitatibus
1488 4068 1616 4164 quod(
1639 4066 1674 4162 ’)

265 4191 396 4264 ibidem
422 4193 569 4264 Domino
600 4193 810 4265 famulantur
832 4213 878 4264 ex
905 4193 1027 4264 collata
1059 4192 1159 4264 nobis
1190 4192 1285 4286 regie
1317 4191 1495 4286 dignitatis
1523 4193 1674 4287 potentia

264 4316 410 4389 sollicite
421 4317 656 4412 providemus.
677 4315 902 4392 Attendentes
919 4316 1024 4410 igitur
1042 4315 1126 4388 fidei
1140 4316 1321 4410 puritatem
1335 4326 1370 4389 et
1388 4315 1583 4389 devotionis
1602 4318 1674 4390 ler-

265 4462 382 4512 vorem
406 4463 512 4536 quam
542 4463 622 4533 vos,
644 4443 764 4516 fratres
783 4441 978 4514 monasterii
997 4439 1042 4514 de
1057 4441 1189 4531 Salem,
1212 4439 1355 4514 domino
1381 4439 1559 4534 quondam
1586 4441 1675 4536 patri

266 4573 382 4638 nostro
411 4565 557 4640 ilenrico
586 4565 670 4639 divo
696 4575 845 4660 augusto
868 4563 1050 4638 recolende
1072 4563 1236 4638 memorie
1262 4563 1490 4655 exhibuistis,
1512 4549 1676 4638 conside-

307 4719 348 4792 (α)
371 4716 407 4776 lu
420 4718 571 4795 tmpresats
583 4723 683 4779 autem
697 4715 731 4777 dt
745 4717 827 4780 Patt.

1727 2687 1754 2730 ln
1763 2686 1854 2728 civitate

1730 2740 1851 2788 Quoius,

1732 2795 1844 2849 tenuante.
