4382 5946
236 617 396 702 tuorem]
686 613 883 675 HISTORIA
908 614 1197 677 uluuottllrlcu
1585 619 1645 680 327

237 754 433 848 integritate
452 774 564 846 usqne
583 752 619 822 in
639 750 851 844 exquisitum
869 749 1064 839 reddimus,
1081 772 1122 822 ac
1145 761 1258 846 preter
1282 753 1651 827 archicancellariutum

240 879 275 951 in
295 899 403 972 reguo
420 876 624 972 Burgundie
643 874 867 947 concedimus
886 883 926 946 ut
948 874 1225 971 archiepiscopus
1246 877 1451 949 Viennensis
1469 881 1598 972 regalia
1616 882 1652 952 in

239 1003 369 1076 diocesi
387 1022 465 1091 sua,
484 1021 670 1072 commune
685 999 788 1070 etiarn
809 998 922 1070 lorum
942 999 1118 1089 egentium
1135 1010 1169 1072 et
1185 1001 1428 1071 sustinentium
1446 1014 1651 1076 causostem

240 1127 511 1230 civiliterqucm
534 1123 770 1213 criminaliter,
793 1123 829 1193 in
848 1142 956 1213 regno
976 1123 1069 1196 dicto
1092 1133 1204 1196 tenent
1228 1135 1262 1196 et
1285 1125 1477 1220 possideat,
1500 1128 1597 1198 salvo
1615 1130 1651 1200 iu

241 1251 403 1325 omnibus
421 1259 456 1322 et
478 1271 540 1346 per
556 1249 672 1319 omnia
686 1249 765 1341 jure
783 1246 963 1342 imperiali.
983 1245 1038 1320 Ad
1062 1248 1127 1319 hec
1146 1247 1362 1321 decernimus
1382 1250 1475 1322 utin
1498 1251 1651 1326 adventu

242 1385 357 1448 nostro
374 1375 431 1447 vel
445 1373 731 1468 quotiescumque
750 1372 796 1444 ad
811 1371 939 1443 curiam
963 1381 1111 1446 nostram
1134 1383 1277 1446 vocatus
1298 1373 1403 1446 fueris
1426 1376 1482 1447 vel
1502 1376 1654 1472 expedi-

242 1501 370 1572 tionem
388 1500 568 1572 nobiscum
584 1499 696 1571 lucore
710 1495 885 1587 debueris,
904 1497 999 1569 cives
1016 1497 1228 1569 Viennenses
1246 1507 1281 1569 et
1298 1499 1543 1590 RomanenseS,
1559 1503 1653 1573 omni

243 1625 466 1698 excusatione
485 1633 634 1713 remote,
662 1627 815 1716 congrua
834 1620 897 1692 tibi
920 1621 1077 1693 subsidia
1095 1623 1283 1695 conserant.
1308 1623 1491 1718 Privilogia
1513 1647 1653 1722 quoque

244 1748 487 1842 imporatorum
498 1757 533 1820 et
544 1767 665 1836 regum
677 1754 932 1822 antecessorum
945 1754 1138 1818 nostrornm
1150 1767 1300 1840 quorum
1314 1749 1652 1844 scriptallieunensis

245 1872 349 1946 habet
363 1873 524 1963 ecclesis,
541 1872 601 1944 tibi
624 1881 658 1944 et
676 1869 789 1942 eidem
807 1870 953 1942 ecclesie
971 1873 1006 1940 in
1026 1881 1234 1966 perpetuum
1248 1871 1501 1946 confirmamus.
1521 1876 1653 1970 Siquis

244 2019 347 2088 vero,
370 1995 466 2090 quod
490 1996 598 2088 absit,
618 1996 708 2067 hauc
721 2004 872 2068 nostram
891 1995 1146 2067 concessionem
1162 1996 1269 2068 tibiet
1287 1997 1430 2070 ecclesie
1449 2008 1506 2072 tue
1529 2001 1651 2074 lactem

245 2119 465 2215 aliquomodo
482 2119 673 2214 iuquietare
685 2119 944 2214 presumpserit,
958 2119 1071 2190 banuo
1086 2121 1254 2214 imperiali
1270 2121 1459 2213 subjaceat,
1469 2131 1503 2194 et
1514 2133 1652 2195 centum

245 2246 351 2318 libres
369 2245 445 2318 nuri
474 2243 649 2340 purissimi
675 2264 737 2338 pro
762 2265 851 2338 pena
877 2251 1080 2337 componat,
1107 2265 1254 2338 quarum
1282 2245 1501 2318 medietatem
1520 2269 1654 2322 camere

246 2380 374 2458 nostre,
393 2370 562 2464 reliquam
579 2389 663 2440 vero
678 2377 808 2462 partem
834 2367 895 2438 tibi
917 2377 952 2438 et
974 2367 1118 2438 ecclesie
1135 2375 1193 2438 tue
1211 2369 1396 2473 persolvat.
1419 2369 1474 2442 Ad
1488 2373 1587 2463 cujus
1602 2373 1653 2444 rei

245 2496 426 2568 certamin
444 2503 649 2590 perpetuum
668 2492 893 2581 evidentium,
910 2502 1101 2586 presentem
1119 2493 1282 2587 peginam
1300 2493 1383 2565 inde
1396 2495 1564 2566 conscribi
1579 2497 1652 2588 J'us·

245 2621 355 2692 simus
381 2629 417 2692 et
441 2619 627 2711 maJestetis
656 2627 772 2690 nostre
792 2617 906 2710 sigillo
929 2637 1035 2689 nureo
1063 2617 1289 2706 communiri,
1316 2637 1489 2712 manuque
1516 2621 1653 2713 propria

247 2745 525 2834 corroborantes,
554 2741 697 2816 idoneos
728 2753 832 2815 testes
860 2741 1115 2814 subternotari
1143 2741 1306 2826 lecimus,
1337 2763 1485 2834 quorum
1512 2745 1651 2815 nomina

248 2875 329 2938 sunt
341 2867 430 2940 hec:

298 2989 498 3063 Thidericns
522 2989 757 3078 Treverensis,
786 2985 961 3060 Amedeus
982 2985 1232 3058 Bisuntiuensis
1258 2986 1523 3083 archiepiscopi,
1553 2990 1654 3062 Desi-

249 3114 367 3187 derins
389 3113 555 3209 Dpensis,
580 3112 758 3186 Comedus
775 3111 1058 3201 constantiensis,
1079 3111 1247 3182 Henrions
1268 3111 1541 3205 Argentiuensis,
1561 3115 1655 3186 Wol-

251 3247 343 3309 torns
366 3235 415 3332 (a)
436 3237 633 3310 Basilicusis
658 3235 806 3324 electus,
829 3235 1017 3308 Gaulridus
1035 3235 1245 3307 Tricastinos
1268 3235 1440 3330 episcopi,
1465 3236 1553 3308 Otbo
1578 3235 1654 3309 dux

249 3361 422 3452 Merunie,
450 3361 591 3434 comites
611 3359 779 3433 llodnlfus
798 3358 843 3432 de
866 3359 1091 3454 Honspurcb,
1110 3358 1305 3431 Fridericus
1323 3360 1367 3432 de
1383 3360 1535 3449 Ferreto,
1557 3363 1655 3434 Heu-

251 3486 342 3557 ricus
368 3484 413 3556 de
431 3484 587 3580 Nipben,
607 3483 791 3556 Auselmus
812 3481 858 3556 de
876 3484 1072 3577 tuningen,
1092 3481 1298 3577 Rodulpbus
1314 3481 1504 3556 advocatus
1520 3483 1566 3557 de
1583 3486 1658 3557 lla-

252 3608 536 3703 prehitswilerio,
568 3609 738 3682 valterius
769 3607 932 3704 pincerna
959 3607 1004 3680 de
1028 3605 1188 3703 Schiple,
1214 3607 1404 3682 Fridericus
1437 3608 1482 3681 de
1517 3609 1656 3683 Escom·

252 3731 364 3827 bore(
382 3732 410 3829 ).

301 3857 458 3930 Conrado
476 3859 628 3954 Spirensi
652 3867 687 3930 et
707 3859 851 3932 Meteusi
873 3858 1047 3954 episcopo,
1073 3857 1295 3948 cancellario,
1315 3857 1531 3932 vicedomni
1554 3861 1662 3932 ilum-

254 3981 341 4055 borli
356 3982 561 4056 Viennensis
588 3982 854 4078 archiepiscopi,
873 3983 978 4054 totins
1002 3982 1101 4076 regui
1124 3981 1327 4076 Burgundio
1349 3983 1658 4072 archicancellarii,

254 4108 477 4198 recognitore.

302 4233 427 4305 Datum
452 4231 601 4323 Basilee,
622 4253 714 4305 enno
736 4232 872 4304 Domini
896 4232 1077 4304 millesimo
1101 4231 1336 4305 ducentesimo
1363 4230 1498 4305 decimo
1523 4243 1659 4326 quarto,

256 4355 444 4430 indictione
461 4357 520 4448 lll,
540 4357 638 4450 regni
653 4357 729 4448 ejus
746 4357 789 4448 ll,
807 4356 854 4426 IX
872 4356 1038 4430 kalendas
1055 4355 1259 4427 decembris.

298 4560 339 4638 (a)
361 4560 397 4620 ln
410 4562 559 4638 impressis
574 4557 735 4622 waldricus
748 4576 801 4620 seu
816 4557 1005 4634 Vcardrtccs,
1020 4563 1118 4622 mluns
1131 4565 1219 4620 recu.

298 4663 339 4742 (b)
360 4667 443 4730 idem
456 4671 507 4747 qul
520 4685 610 4748 supro
622 4665 656 4728 dc
670 4665 876 4750 Scltooendurp
889 4669 1008 4730 dlcitur.
