<?xml version="1.0" encoding="UTF-8"?>
<!DOCTYPE html PUBLIC "-//W3C//DTD XHTML 1.0 Transitional//EN"
    "http://www.w3.org/TR/xhtml1/DTD/xhtml1-transitional.dtd">
<html xmlns="http://www.w3.org/1999/xhtml" xml:lang="en" lang="en">
 <head>
  <title>
</title>
<meta http-equiv="Content-Type" content="text/html;charset=utf-8" />
  <meta name='ocr-system' content='tesseract 3.04.00' />
  <meta name='ocr-capabilities' content='ocr_page ocr_carea ocr_par ocr_line ocrx_word'/>
</head>
<body>
  <div class='ocr_page' id='page_1' title='image "./historiadiploma06fredgoog_0034.png"; bbox 0 0 4434 5942; ppageno 0'>
   <div class='ocr_carea' id='block_1_1' title="bbox 247 553 1666 644">
    <p class='ocr_par' dir='ltr' id='par_1_1' title="bbox 247 553 1666 644">
     <span class='ocr_line' id='line_1_1' title="bbox 247 553 1666 644; baseline -0.008 -19"><span class='ocrx_word' id='word_1_1' title='bbox 247 563 349 625; x_wconf 77' lang='lat' dir='ltr'><strong>baar.</strong></span> <span class='ocrx_word' id='word_1_2' title='bbox 367 558 408 644; x_wconf 93' lang='grc'><strong>1.]</strong></span> <span class='ocrx_word' id='word_1_3' title='bbox 696 553 894 618; x_wconf 79' lang='grc' dir='ltr'><strong>11Ιὸ1011111</strong></span> <span class='ocrx_word' id='word_1_4' title='bbox 921 553 1217 614; x_wconf 72' lang='lat' dir='ltr'><strong>ntatottttttca</strong></span> <span class='ocrx_word' id='word_1_5' title='bbox 1629 555 1666 614; x_wconf 82' lang='lat'><strong>15</strong></span> 
     </span>
    </p>
   </div>
   <div class='ocr_carea' id='block_1_2' title="bbox 233 689 1665 4774">
    <p class='ocr_par' dir='ltr' id='par_1_2' title="bbox 233 689 1665 4774">
     <span class='ocr_line' id='line_1_2' title="bbox 246 689 1665 785; baseline -0.01 -13"><span class='ocrx_word' id='word_1_6' title='bbox 246 700 316 772; x_wconf 88' lang='lat' dir='ltr'><strong>olla</strong></span> <span class='ocrx_word' id='word_1_7' title='bbox 337 715 517 782; x_wconf 87' lang='lat' dir='ltr'><strong>succensa,</strong></span> <span class='ocrx_word' id='word_1_8' title='bbox 541 692 624 766; x_wconf 87' lang='lat' dir='ltr'><strong>dum</strong></span> <span class='ocrx_word' id='word_1_9' title='bbox 643 692 757 764; x_wconf 88' lang='lat' dir='ltr'><strong>flantis</strong></span> <span class='ocrx_word' id='word_1_10' title='bbox 779 691 892 764; x_wconf 84' lang='lat' dir='ltr'>rabies</span> <span class='ocrx_word' id='word_1_11' title='bbox 916 689 1089 785; x_wconf 91' lang='lat' dir='ltr'><strong>aquilonis</strong></span> <span class='ocrx_word' id='word_1_12' title='bbox 1114 689 1275 764; x_wconf 85' lang='lat' dir='ltr'><strong>Calabros</strong></span> <span class='ocrx_word' id='word_1_13' title='bbox 1298 697 1430 762; x_wconf 90' lang='lat' dir='ltr'><strong>montes</strong></span> <span class='ocrx_word' id='word_1_14' title='bbox 1455 710 1547 762; x_wconf 93' lang='lat' dir='ltr'><strong>novo</strong></span> <span class='ocrx_word' id='word_1_15' title='bbox 1572 689 1665 781; x_wconf 90' lang='lat' dir='ltr'><strong>deji-</strong></span> 
     </span>
     <span class='ocr_line' id='line_1_3' title="bbox 248 814 1660 912; baseline -0.006 -18"><span class='ocrx_word' id='word_1_16' title='bbox 248 831 340 894; x_wconf 81' lang='lat' dir='ltr'><strong>ceret</strong></span> <span class='ocrx_word' id='word_1_17' title='bbox 356 829 446 894; x_wconf 87' lang='lat' dir='ltr'><strong>tarra</strong></span> <span class='ocrx_word' id='word_1_18' title='bbox 463 827 558 890; x_wconf 91' lang='lat' dir='ltr'><strong>motu</strong></span> <span class='ocrx_word' id='word_1_19' title='bbox 580 825 615 890; x_wconf 89' lang='grc'><strong>11</strong></span> <span class='ocrx_word' id='word_1_20' title='bbox 633 838 695 911; x_wconf 89' lang='lat' dir='ltr'><strong>par</strong></span> <span class='ocrx_word' id='word_1_21' title='bbox 717 815 821 910; x_wconf 87' lang='lat' dir='ltr'><strong>plana</strong></span> <span class='ocrx_word' id='word_1_22' title='bbox 840 817 986 908; x_wconf 88' lang='lat' dir='ltr'><strong>jacentis</strong></span> <span class='ocrx_word' id='word_1_23' title='bbox 1003 815 1128 912; x_wconf 85' lang='lat' dir='ltr'><strong>Apulia</strong></span> <span class='ocrx_word' id='word_1_24' title='bbox 1149 816 1329 910; x_wconf 89' lang='lat' dir='ltr'><strong>pulverem</strong></span> <span class='ocrx_word' id='word_1_25' title='bbox 1352 814 1389 886; x_wconf 94' lang='lat' dir='ltr'><strong>in</strong></span> <span class='ocrx_word' id='word_1_26' title='bbox 1411 815 1660 888; x_wconf 78' lang='lat' dir='ltr'><strong>transeuntium</strong></span> 
     </span>
     <span class='ocr_line' id='line_1_4' title="bbox 247 939 1663 1030; baseline -0.007 -10"><span class='ocrx_word' id='word_1_27' title='bbox 247 957 283 1020; x_wconf 89' lang='lat' dir='ltr'><strong>at</strong></span> <span class='ocrx_word' id='word_1_28' title='bbox 297 943 529 1019; x_wconf 73' lang='lat' dir='ltr'><strong>habitantium</strong></span> <span class='ocrx_word' id='word_1_29' title='bbox 551 943 672 1014; x_wconf 90' lang='lat' dir='ltr'><strong>oculos</strong></span> <span class='ocrx_word' id='word_1_30' title='bbox 693 962 757 1014; x_wconf 90' lang='lat' dir='ltr'><strong>suo</strong></span> <span class='ocrx_word' id='word_1_31' title='bbox 776 941 915 1016; x_wconf 89' lang='lat' dir='ltr'><strong>turbine</strong></span> <span class='ocrx_word' id='word_1_32' title='bbox 937 941 1136 1030; x_wconf 89' lang='lat' dir='ltr'><strong>suscitaret,</strong></span> <span class='ocrx_word' id='word_1_33' title='bbox 1157 940 1242 1014; x_wconf 93' lang='lat' dir='ltr'><strong>dum</strong></span> <span class='ocrx_word' id='word_1_34' title='bbox 1262 939 1364 1012; x_wconf 91' lang='lat' dir='ltr'><strong>etiam</strong></span> <span class='ocrx_word' id='word_1_35' title='bbox 1383 939 1663 1022; x_wconf 86' lang='lat' dir='ltr'><strong>&#39;laureminitana</strong></span> 
     </span>
     <span class='ocr_line' id='line_1_5' title="bbox 248 1064 1663 1166; baseline -0.006 -22"><span class='ocrx_word' id='word_1_36' title='bbox 248 1069 418 1166; x_wconf 76' lang='lat' dir='ltr'><strong>carybdis</strong></span> <span class='ocrx_word' id='word_1_37' title='bbox 447 1067 653 1160; x_wconf 87' lang='lat' dir='ltr'><strong>sanguinem</strong></span> <span class='ocrx_word' id='word_1_38' title='bbox 677 1087 783 1160; x_wconf 87' lang='lat' dir='ltr'><strong>quam</strong></span> <span class='ocrx_word' id='word_1_39' title='bbox 813 1075 965 1160; x_wconf 90' lang='lat' dir='ltr'><strong>tempore</strong></span> <span class='ocrx_word' id='word_1_40' title='bbox 988 1074 1111 1160; x_wconf 90' lang='lat' dir='ltr'><strong>pacato</strong></span> <span class='ocrx_word' id='word_1_41' title='bbox 1136 1065 1292 1138; x_wconf 80' lang='lat' dir='ltr'><strong>sitiverat</strong></span> <span class='ocrx_word' id='word_1_42' title='bbox 1318 1075 1492 1137; x_wconf 90' lang='lat' dir='ltr'><strong>evomeret</strong></span> <span class='ocrx_word' id='word_1_43' title='bbox 1516 1064 1663 1138; x_wconf 88' lang='lat' dir='ltr'><strong>cedibus</strong></span> 
     </span>
     <span class='ocr_line' id='line_1_6' title="bbox 246 1187 1664 1286; baseline -0.008 -16"><span class='ocrx_word' id='word_1_44' title='bbox 246 1195 388 1284; x_wconf 87' lang='lat' dir='ltr'><strong>satiata,</strong></span> <span class='ocrx_word' id='word_1_45' title='bbox 414 1214 527 1286; x_wconf 89' lang='lat' dir='ltr'><strong>usqua</strong></span> <span class='ocrx_word' id='word_1_46' title='bbox 554 1190 644 1264; x_wconf 90' lang='lat' dir='ltr'><strong>adeo</strong></span> <span class='ocrx_word' id='word_1_47' title='bbox 668 1190 733 1262; x_wconf 87' lang='lat' dir='ltr'><strong>fuit</strong></span> <span class='ocrx_word' id='word_1_48' title='bbox 758 1190 822 1262; x_wconf 86' lang='lat' dir='ltr'><strong>iter</strong></span> <span class='ocrx_word' id='word_1_49' title='bbox 844 1190 949 1262; x_wconf 88' lang='lat' dir='ltr'><strong>maris</strong></span> <span class='ocrx_word' id='word_1_50' title='bbox 972 1197 1008 1262; x_wconf 90' lang='lat' dir='ltr'><strong>at</strong></span> <span class='ocrx_word' id='word_1_51' title='bbox 1033 1199 1122 1262; x_wconf 87' lang='lat' dir='ltr'><strong>terre</strong></span> <span class='ocrx_word' id='word_1_52' title='bbox 1145 1189 1342 1284; x_wconf 82' lang='lat' dir='ltr'><strong>praelusum</strong></span> <span class='ocrx_word' id='word_1_53' title='bbox 1368 1197 1408 1260; x_wconf 92' lang='lat' dir='ltr'><strong>ut</strong></span> <span class='ocrx_word' id='word_1_54' title='bbox 1429 1187 1664 1281; x_wconf 84' lang='lat' dir='ltr'><strong>interjacentis</strong></span> 
     </span>
     <span class='ocr_line' id='line_1_7' title="bbox 248 1311 1661 1415; baseline -0.004 -23"><span class='ocrx_word' id='word_1_55' title='bbox 248 1321 399 1415; x_wconf 89' lang='lat' dir='ltr'><strong>impetus</strong></span> <span class='ocrx_word' id='word_1_56' title='bbox 419 1317 631 1413; x_wconf 78' lang='lat' dir='ltr'><strong>tempestatis</strong></span> <span class='ocrx_word' id='word_1_57' title='bbox 652 1324 812 1388; x_wconf 91' lang='lat' dir='ltr'><strong>mutuum</strong></span> <span class='ocrx_word' id='word_1_58' title='bbox 834 1315 955 1388; x_wconf 91' lang='lat' dir='ltr'><strong>matris</strong></span> <span class='ocrx_word' id='word_1_59' title='bbox 974 1313 1021 1386; x_wconf 92' lang='lat' dir='ltr'><strong>ad</strong></span> <span class='ocrx_word' id='word_1_60' title='bbox 1040 1312 1129 1386; x_wconf 88' lang='lat' dir='ltr'><strong>tilios</strong></span> <span class='ocrx_word' id='word_1_61' title='bbox 1147 1311 1345 1386; x_wconf 80' lang='lat' dir='ltr'><strong>altiliorum</strong></span> <span class='ocrx_word' id='word_1_62' title='bbox 1365 1311 1412 1388; x_wconf 89' lang='lat' dir='ltr'><strong>ad</strong></span> <span class='ocrx_word' id='word_1_63' title='bbox 1432 1321 1577 1386; x_wconf 91' lang='lat' dir='ltr'><strong>matrem</strong></span> <span class='ocrx_word' id='word_1_64' title='bbox 1593 1313 1661 1402; x_wconf 67' lang='lat' dir='ltr'><strong>im7</strong></span> 
     </span>
     <span class='ocr_line' id='line_1_8' title="bbox 249 1438 1660 1540; baseline -0.004 -24"><span class='ocrx_word' id='word_1_65' title='bbox 249 1442 384 1540; x_wconf 89' lang='lat' dir='ltr'><strong>pedirct</strong></span> <span class='ocrx_word' id='word_1_66' title='bbox 398 1443 560 1516; x_wconf 84' lang='lat' dir='ltr'><strong>allectum</strong></span> <span class='ocrx_word' id='word_1_67' title='bbox 573 1448 609 1514; x_wconf 93' lang='lat' dir='ltr'><strong>et</strong></span> <span class='ocrx_word' id='word_1_68' title='bbox 630 1440 796 1514; x_wconf 87' lang='lat' dir='ltr'><strong>naturalis</strong></span> <span class='ocrx_word' id='word_1_69' title='bbox 810 1439 971 1512; x_wconf 85' lang='lat' dir='ltr'><strong>ellectum</strong></span> <span class='ocrx_word' id='word_1_70' title='bbox 998 1438 1216 1534; x_wconf 84' lang='lat' dir='ltr'><strong>interciperet</strong></span> <span class='ocrx_word' id='word_1_71' title='bbox 1234 1438 1396 1510; x_wconf 88' lang='lat' dir='ltr'><strong>caritatis.</strong></span> <span class='ocrx_word' id='word_1_72' title='bbox 1419 1438 1520 1510; x_wconf 89' lang='lat' dir='ltr'><strong>Nunc</strong></span> <span class='ocrx_word' id='word_1_73' title='bbox 1544 1446 1660 1511; x_wconf 89' lang='lat' dir='ltr'><strong>autam</strong></span> 
     </span>
     <span class='ocr_line' id='line_1_9' title="bbox 248 1562 1660 1658; baseline -0.005 -19"><span class='ocrx_word' id='word_1_74' title='bbox 248 1587 344 1658; x_wconf 92' lang='lat' dir='ltr'><strong>cum,</strong></span> <span class='ocrx_word' id='word_1_75' title='bbox 364 1587 406 1638; x_wconf 91' lang='lat' dir='ltr'><strong>eo</strong></span> <span class='ocrx_word' id='word_1_76' title='bbox 425 1565 571 1638; x_wconf 85' lang='lat' dir='ltr'><strong>faciente</strong></span> <span class='ocrx_word' id='word_1_77' title='bbox 584 1564 913 1656; x_wconf 88' lang='lat' dir='ltr'><strong>nobiscumsignum</strong></span> <span class='ocrx_word' id='word_1_78' title='bbox 928 1563 963 1634; x_wconf 95' lang='lat' dir='ltr'><strong>in</strong></span> <span class='ocrx_word' id='word_1_79' title='bbox 981 1564 1110 1636; x_wconf 91' lang='lat' dir='ltr'><strong>bonum</strong></span> <span class='ocrx_word' id='word_1_80' title='bbox 1129 1562 1187 1634; x_wconf 89' lang='lat' dir='ltr'><strong>cui</strong></span> <span class='ocrx_word' id='word_1_81' title='bbox 1207 1563 1301 1634; x_wconf 91' lang='lat' dir='ltr'><strong>venti</strong></span> <span class='ocrx_word' id='word_1_82' title='bbox 1319 1571 1354 1634; x_wconf 90' lang='lat' dir='ltr'><strong>at</strong></span> <span class='ocrx_word' id='word_1_83' title='bbox 1371 1583 1465 1634; x_wconf 88' lang='lat' dir='ltr'><strong>mare</strong></span> <span class='ocrx_word' id='word_1_84' title='bbox 1478 1562 1660 1652; x_wconf 89' lang='lat' dir='ltr'><strong>obediunt,</strong></span> 
     </span>
     <span class='ocr_line' id='line_1_10' title="bbox 248 1681 1661 1783; baseline -0.004 -19"><span class='ocrx_word' id='word_1_85' title='bbox 248 1691 418 1764; x_wconf 89' lang='lat' dir='ltr'><strong>nascentis</strong></span> <span class='ocrx_word' id='word_1_86' title='bbox 438 1681 545 1762; x_wconf 85' lang='lat' dir='ltr'><strong>austri</strong></span> <span class='ocrx_word' id='word_1_87' title='bbox 568 1688 749 1762; x_wconf 90' lang='lat' dir='ltr'><strong>clamantia</strong></span> <span class='ocrx_word' id='word_1_88' title='bbox 767 1687 924 1764; x_wconf 90' lang='lat' dir='ltr'><strong>cadentis</strong></span> <span class='ocrx_word' id='word_1_89' title='bbox 944 1687 1117 1782; x_wconf 79' lang='lat' dir='ltr'><strong>fugaverit</strong></span> <span class='ocrx_word' id='word_1_90' title='bbox 1137 1687 1304 1782; x_wconf 92' lang='lat' dir='ltr'><strong>impetum</strong></span> <span class='ocrx_word' id='word_1_91' title='bbox 1324 1687 1496 1780; x_wconf 91' lang='lat' dir='ltr'><strong>aquilonis</strong></span> <span class='ocrx_word' id='word_1_92' title='bbox 1522 1697 1557 1760; x_wconf 94' lang='lat' dir='ltr'><strong>at</strong></span> <span class='ocrx_word' id='word_1_93' title='bbox 1575 1709 1661 1783; x_wconf 87' lang='lat' dir='ltr'><strong>pre-</strong></span> 
     </span>
     <span class='ocr_line' id='line_1_11' title="bbox 247 1811 1661 1907; baseline -0.001 -19"><span class='ocrx_word' id='word_1_94' title='bbox 247 1815 346 1890; x_wconf 88' lang='lat' dir='ltr'><strong>terita</strong></span> <span class='ocrx_word' id='word_1_95' title='bbox 373 1813 577 1888; x_wconf 85' lang='lat' dir='ltr'><strong>turbationis</strong></span> <span class='ocrx_word' id='word_1_96' title='bbox 601 1813 786 1907; x_wconf 88' lang='lat' dir='ltr'><strong>caliginem</strong></span> <span class='ocrx_word' id='word_1_97' title='bbox 811 1813 901 1888; x_wconf 88' lang='lat' dir='ltr'><strong>aeris</strong></span> <span class='ocrx_word' id='word_1_98' title='bbox 918 1834 979 1906; x_wconf 87' lang='lat' dir='ltr'><strong>per</strong></span> <span class='ocrx_word' id='word_1_99' title='bbox 1001 1812 1063 1884; x_wconf 90' lang='lat' dir='ltr'><strong>Dei</strong></span> <span class='ocrx_word' id='word_1_100' title='bbox 1086 1811 1232 1906; x_wconf 87' lang='lat' dir='ltr'><strong>gratiam</strong></span> <span class='ocrx_word' id='word_1_101' title='bbox 1253 1811 1326 1902; x_wconf 89' lang='lat' dir='ltr'><strong>jam</strong></span> <span class='ocrx_word' id='word_1_102' title='bbox 1348 1831 1395 1882; x_wconf 88' lang='lat' dir='ltr'><strong>ex</strong></span> <span class='ocrx_word' id='word_1_103' title='bbox 1419 1812 1539 1903; x_wconf 91' lang='lat' dir='ltr'><strong>majori</strong></span> <span class='ocrx_word' id='word_1_104' title='bbox 1565 1823 1661 1906; x_wconf 86' lang='lat' dir='ltr'><strong>parte</strong></span> 
     </span>
     <span class='ocr_line' id='line_1_12' title="bbox 247 1934 1660 2034; baseline -0.003 -24"><span class='ocrx_word' id='word_1_105' title='bbox 247 1939 372 2034; x_wconf 89' lang='lat' dir='ltr'><strong>placati</strong></span> <span class='ocrx_word' id='word_1_106' title='bbox 386 1939 526 2012; x_wconf 85' lang='lat' dir='ltr'><strong>claritas</strong></span> <span class='ocrx_word' id='word_1_107' title='bbox 539 1936 763 2026; x_wconf 81' lang='lat' dir='ltr'><strong>serenaverit,</strong></span> <span class='ocrx_word' id='word_1_108' title='bbox 783 1937 832 2008; x_wconf 89' lang='lat' dir='ltr'><strong>ita</strong></span> <span class='ocrx_word' id='word_1_109' title='bbox 845 1934 941 2030; x_wconf 91' lang='lat' dir='ltr'><strong>quod</strong></span> <span class='ocrx_word' id='word_1_110' title='bbox 958 1957 1105 2026; x_wconf 85' lang='lat' dir='ltr'><strong>regnum</strong></span> <span class='ocrx_word' id='word_1_111' title='bbox 1123 1934 1239 2006; x_wconf 89' lang='lat' dir='ltr'><strong>Sicilie</strong></span> <span class='ocrx_word' id='word_1_112' title='bbox 1261 1942 1456 2028; x_wconf 88' lang='lat' dir='ltr'><strong>reparatum</strong></span> <span class='ocrx_word' id='word_1_113' title='bbox 1478 1935 1513 2004; x_wconf 89' lang='lat' dir='ltr'><strong>in</strong></span> <span class='ocrx_word' id='word_1_114' title='bbox 1532 1943 1660 2006; x_wconf 88' lang='lat' dir='ltr'><strong>statum</strong></span> 
     </span>
     <span class='ocr_line' id='line_1_13' title="bbox 247 2057 1659 2157; baseline -0.002 -23"><span class='ocrx_word' id='word_1_115' title='bbox 247 2064 422 2136; x_wconf 79' lang='lat' dir='ltr'><strong>felicitatis</strong></span> <span class='ocrx_word' id='word_1_116' title='bbox 444 2062 587 2157; x_wconf 88' lang='lat' dir='ltr'><strong>antique</strong></span> <span class='ocrx_word' id='word_1_117' title='bbox 610 2060 657 2134; x_wconf 90' lang='lat' dir='ltr'><strong>ad</strong></span> <span class='ocrx_word' id='word_1_118' title='bbox 683 2061 903 2136; x_wconf 89' lang='lat' dir='ltr'><strong>devotionem</strong></span> <span class='ocrx_word' id='word_1_119' title='bbox 932 2059 1085 2134; x_wconf 84' lang='lat' dir='ltr'><strong>Ecclesia</strong></span> <span class='ocrx_word' id='word_1_120' title='bbox 1111 2059 1212 2154; x_wconf 90' lang='lat' dir='ltr'><strong>plene</strong></span> <span class='ocrx_word' id='word_1_121' title='bbox 1237 2057 1379 2132; x_wconf 87' lang='lat' dir='ltr'><strong>redierit</strong></span> <span class='ocrx_word' id='word_1_122' title='bbox 1401 2081 1423 2130; x_wconf 90' lang='lat' dir='ltr'><strong>a</strong></span> <span class='ocrx_word' id='word_1_123' title='bbox 1446 2081 1515 2151; x_wconf 88' lang='lat' dir='ltr'><strong>qua</strong></span> <span class='ocrx_word' id='word_1_124' title='bbox 1544 2058 1659 2132; x_wconf 88' lang='lat' dir='ltr'><strong>visum</strong></span> 
     </span>
     <span class='ocr_line' id='line_1_14' title="bbox 247 2181 1660 2284; baseline -0.003 -24"><span class='ocrx_word' id='word_1_125' title='bbox 247 2189 359 2262; x_wconf 89' lang='lat' dir='ltr'><strong>fuerat</strong></span> <span class='ocrx_word' id='word_1_126' title='bbox 386 2187 636 2284; x_wconf 88' lang='lat' dir='ltr'><strong>persecutionis</strong></span> <span class='ocrx_word' id='word_1_127' title='bbox 663 2194 816 2282; x_wconf 88' lang='lat' dir='ltr'><strong>tempore</strong></span> <span class='ocrx_word' id='word_1_128' title='bbox 846 2185 1051 2276; x_wconf 83' lang='lat' dir='ltr'><strong>recessisse,</strong></span> <span class='ocrx_word' id='word_1_129' title='bbox 1081 2181 1288 2256; x_wconf 90' lang='lat' dir='ltr'><strong>beneficium</strong></span> <span class='ocrx_word' id='word_1_130' title='bbox 1314 2183 1347 2256; x_wconf 90' lang='lat' dir='ltr'><strong>ei</strong></span> <span class='ocrx_word' id='word_1_131' title='bbox 1373 2184 1536 2257; x_wconf 90' lang='lat' dir='ltr'><strong>volumus</strong></span> <span class='ocrx_word' id='word_1_132' title='bbox 1563 2192 1660 2278; x_wconf 89' lang='lat' dir='ltr'><strong>grata</strong></span> 
     </span>
     <span class='ocr_line' id='line_1_15' title="bbox 246 2307 1658 2408; baseline -0.001 -25"><span class='ocrx_word' id='word_1_133' title='bbox 246 2312 453 2386; x_wconf 91' lang='lat' dir='ltr'><strong>visitationis</strong></span> <span class='ocrx_word' id='word_1_134' title='bbox 474 2309 675 2408; x_wconf 86' lang='lat' dir='ltr'><strong>impendere</strong></span> <span class='ocrx_word' id='word_1_135' title='bbox 699 2311 795 2382; x_wconf 89' lang='lat' dir='ltr'><strong>acin</strong></span> <span class='ocrx_word' id='word_1_136' title='bbox 814 2309 998 2384; x_wconf 86' lang='lat' dir='ltr'><strong>dilectione</strong></span> <span class='ocrx_word' id='word_1_137' title='bbox 1023 2308 1133 2404; x_wconf 90' lang='lat' dir='ltr'><strong>ipsius</strong></span> <span class='ocrx_word' id='word_1_138' title='bbox 1158 2307 1439 2403; x_wconf 86' lang='lat' dir='ltr'><strong>predecessorum</strong></span> <span class='ocrx_word' id='word_1_139' title='bbox 1464 2318 1658 2382; x_wconf 90' lang='lat' dir='ltr'><strong>nostrorum</strong></span> 
     </span>
     <span class='ocr_line' id='line_1_16' title="bbox 247 2433 1659 2532; baseline 0 -24"><span class='ocrx_word' id='word_1_140' title='bbox 247 2437 403 2532; x_wconf 89' lang='lat' dir='ltr'><strong>vestigiis</strong></span> <span class='ocrx_word' id='word_1_141' title='bbox 429 2435 608 2510; x_wconf 87' lang='lat' dir='ltr'><strong>adherere.</strong></span> <span class='ocrx_word' id='word_1_142' title='bbox 621 2435 706 2507; x_wconf 88' lang='lat' dir='ltr'><strong>Cum</strong></span> <span class='ocrx_word' id='word_1_143' title='bbox 733 2443 849 2506; x_wconf 86' lang='lat' dir='ltr'><strong>autem</strong></span> <span class='ocrx_word' id='word_1_144' title='bbox 875 2434 990 2530; x_wconf 90' lang='lat' dir='ltr'><strong>ipsum</strong></span> <span class='ocrx_word' id='word_1_145' title='bbox 1018 2433 1105 2504; x_wconf 90' lang='lat' dir='ltr'><strong>inter</strong></span> <span class='ocrx_word' id='word_1_146' title='bbox 1134 2433 1314 2505; x_wconf 88' lang='lat' dir='ltr'><strong>universas</strong></span> <span class='ocrx_word' id='word_1_147' title='bbox 1339 2433 1434 2506; x_wconf 89' lang='lat' dir='ltr'><strong>orbis</strong></span> <span class='ocrx_word' id='word_1_148' title='bbox 1463 2434 1659 2528; x_wconf 86' lang='lat' dir='ltr'><strong>provincias</strong></span> 
     </span>
     <span class='ocr_line' id='line_1_17' title="bbox 246 2556 1658 2655; baseline -0.001 -23"><span class='ocrx_word' id='word_1_149' title='bbox 246 2568 410 2655; x_wconf 91' lang='lat' dir='ltr'><strong>tanquam</strong></span> <span class='ocrx_word' id='word_1_150' title='bbox 439 2559 590 2632; x_wconf 87' lang='lat' dir='ltr'><strong>Ecclesia</strong></span> <span class='ocrx_word' id='word_1_151' title='bbox 621 2559 869 2654; x_wconf 88' lang='lat' dir='ltr'><strong>patrimonium</strong></span> <span class='ocrx_word' id='word_1_152' title='bbox 893 2557 1086 2652; x_wconf 88' lang='lat' dir='ltr'><strong>specialiter</strong></span> <span class='ocrx_word' id='word_1_153' title='bbox 1113 2556 1322 2650; x_wconf 88' lang='lat' dir='ltr'><strong>diligamus,</strong></span> <span class='ocrx_word' id='word_1_154' title='bbox 1346 2558 1500 2630; x_wconf 89' lang='lat' dir='ltr'><strong>volentes</strong></span> <span class='ocrx_word' id='word_1_155' title='bbox 1533 2560 1658 2630; x_wconf 89' lang='lat' dir='ltr'><strong>mentis</strong></span> 
     </span>
     <span class='ocr_line' id='line_1_18' title="bbox 247 2680 1657 2778; baseline -0.002 -22"><span class='ocrx_word' id='word_1_156' title='bbox 247 2684 409 2757; x_wconf 85' lang='lat' dir='ltr'><strong>allectum</strong></span> <span class='ocrx_word' id='word_1_157' title='bbox 423 2705 528 2778; x_wconf 90' lang='lat' dir='ltr'><strong>quem</strong></span> <span class='ocrx_word' id='word_1_158' title='bbox 546 2683 637 2756; x_wconf 89' lang='lat' dir='ltr'><strong>circa</strong></span> <span class='ocrx_word' id='word_1_159' title='bbox 654 2683 769 2778; x_wconf 89' lang='lat' dir='ltr'><strong>ipsum</strong></span> <span class='ocrx_word' id='word_1_160' title='bbox 792 2681 946 2776; x_wconf 76' lang='lat' dir='ltr'><strong>gerimus</strong></span> <span class='ocrx_word' id='word_1_161' title='bbox 960 2680 1143 2754; x_wconf 89' lang='lat' dir='ltr'><strong>ostendere</strong></span> <span class='ocrx_word' id='word_1_162' title='bbox 1161 2681 1310 2775; x_wconf 91' lang='lat' dir='ltr'><strong>plenius,</strong></span> <span class='ocrx_word' id='word_1_163' title='bbox 1335 2681 1371 2751; x_wconf 95' lang='lat' dir='ltr'><strong>in</strong></span> <span class='ocrx_word' id='word_1_164' title='bbox 1388 2703 1535 2775; x_wconf 86' lang='lat' dir='ltr'><strong>persona</strong></span> <span class='ocrx_word' id='word_1_165' title='bbox 1553 2683 1657 2775; x_wconf 84' lang='lat' dir='ltr'><strong>legati</strong></span> 
     </span>
     <span class='ocr_line' id='line_1_19' title="bbox 246 2803 1657 2899; baseline -0.003 -19"><span class='ocrx_word' id='word_1_166' title='bbox 246 2829 328 2880; x_wconf 90' lang='lat' dir='ltr'><strong>eum</strong></span> <span class='ocrx_word' id='word_1_167' title='bbox 354 2807 438 2880; x_wconf 85' lang='lat' dir='ltr'><strong>illuc</strong></span> <span class='ocrx_word' id='word_1_168' title='bbox 461 2807 507 2882; x_wconf 89' lang='lat' dir='ltr'><strong>de</strong></span> <span class='ocrx_word' id='word_1_169' title='bbox 530 2808 674 2880; x_wconf 86' lang='lat' dir='ltr'><strong>fratrum</strong></span> <span class='ocrx_word' id='word_1_170' title='bbox 700 2815 894 2879; x_wconf 89' lang='lat' dir='ltr'><strong>nostrorum</strong></span> <span class='ocrx_word' id='word_1_171' title='bbox 924 2805 1067 2878; x_wconf 90' lang='lat' dir='ltr'><strong>oonsilio</strong></span> <span class='ocrx_word' id='word_1_172' title='bbox 1094 2803 1262 2878; x_wconf 78' lang='lat' dir='ltr'><strong>duximus</strong></span> <span class='ocrx_word' id='word_1_173' title='bbox 1286 2803 1528 2877; x_wconf 90' lang='lat' dir='ltr'><strong>destinandum</strong></span> <span class='ocrx_word' id='word_1_174' title='bbox 1553 2827 1657 2899; x_wconf 90' lang='lat' dir='ltr'><strong>quam</strong></span> 
     </span>
     <span class='ocr_line' id='line_1_20' title="bbox 246 2915 1659 3026; baseline -0.001 -24"><span class='ocrx_word' id='word_1_175' title='bbox 246 2933 335 3005; x_wconf 91' lang='lat' dir='ltr'><strong>inter</strong></span> <span class='ocrx_word' id='word_1_176' title='bbox 362 2941 492 3006; x_wconf 88' lang='lat' dir='ltr'><strong>ceteros</strong></span> <span class='ocrx_word' id='word_1_177' title='bbox 516 2931 637 3006; x_wconf 87' lang='lat' dir='ltr'><strong>fratres</strong></span> <span class='ocrx_word' id='word_1_178' title='bbox 661 2915 795 3004; x_wconf 70' lang='lat' dir='ltr'><strong>nostr&#39;os</strong></span> <span class='ocrx_word' id='word_1_179' title='bbox 821 2930 962 3026; x_wconf 89' lang='lat' dir='ltr'><strong>speciali</strong></span> <span class='ocrx_word' id='word_1_180' title='bbox 991 2929 1132 3002; x_wconf 90' lang='lat' dir='ltr'><strong>caritate</strong></span> <span class='ocrx_word' id='word_1_181' title='bbox 1154 2927 1335 3022; x_wconf 80' lang='lat' dir='ltr'><strong>diligimus</strong></span> <span class='ocrx_word' id='word_1_182' title='bbox 1357 2937 1392 3000; x_wconf 90' lang='lat' dir='ltr'><strong>et</strong></span> <span class='ocrx_word' id='word_1_183' title='bbox 1416 2929 1659 3004; x_wconf 91' lang='lat' dir='ltr'><strong>benevolentia</strong></span> 
     </span>
     <span class='ocr_line' id='line_1_21' title="bbox 245 3053 1657 3152; baseline 0.001 -23"><span class='ocrx_word' id='word_1_184' title='bbox 245 3057 412 3152; x_wconf 89' lang='lat' dir='ltr'><strong>singulari</strong></span> <span class='ocrx_word' id='word_1_185' title='bbox 429 3057 505 3150; x_wconf 88' lang='lat' dir='ltr'><strong>ejus</strong></span> <span class='ocrx_word' id='word_1_186' title='bbox 522 3056 745 3152; x_wconf 85' lang='lat' dir='ltr'><strong>exigentibus</strong></span> <span class='ocrx_word' id='word_1_187' title='bbox 760 3054 891 3130; x_wconf 89' lang='lat' dir='ltr'><strong>meritis</strong></span> <span class='ocrx_word' id='word_1_188' title='bbox 902 3056 1154 3150; x_wconf 81' lang='lat' dir='ltr'><strong>amplexamur.</strong></span> <span class='ocrx_word' id='word_1_189' title='bbox 1169 3056 1258 3126; x_wconf 89' lang='lat' dir='ltr'><strong>Sana</strong></span> <span class='ocrx_word' id='word_1_190' title='bbox 1271 3075 1351 3126; x_wconf 90' lang='lat' dir='ltr'><strong>cum</strong></span> <span class='ocrx_word' id='word_1_191' title='bbox 1369 3053 1485 3126; x_wconf 91' lang='lat' dir='ltr'><strong>adhuc</strong></span> <span class='ocrx_word' id='word_1_192' title='bbox 1499 3055 1534 3126; x_wconf 93' lang='lat' dir='ltr'><strong>in</strong></span> <span class='ocrx_word' id='word_1_193' title='bbox 1550 3078 1657 3150; x_wconf 84' lang='lat' dir='ltr'><strong>reguo</strong></span> 
     </span>
     <span class='ocr_line' id='line_1_22' title="bbox 246 3178 1655 3278; baseline 0 -26"><span class='ocrx_word' id='word_1_194' title='bbox 246 3181 323 3278; x_wconf 89' lang='lat' dir='ltr'><strong>ipso</strong></span> <span class='ocrx_word' id='word_1_195' title='bbox 339 3180 566 3254; x_wconf 87' lang='lat' dir='ltr'><strong>remanserint</strong></span> <span class='ocrx_word' id='word_1_196' title='bbox 585 3181 734 3276; x_wconf 87' lang='lat' dir='ltr'><strong>vestigia</strong></span> <span class='ocrx_word' id='word_1_197' title='bbox 751 3179 902 3274; x_wconf 88' lang='lat' dir='ltr'><strong>qaedam</strong></span> <span class='ocrx_word' id='word_1_198' title='bbox 917 3178 1141 3252; x_wconf 87' lang='lat' dir='ltr'><strong>dissensionis</strong></span> <span class='ocrx_word' id='word_1_199' title='bbox 1160 3179 1321 3272; x_wconf 87' lang='lat' dir='ltr'><strong>antique,</strong></span> <span class='ocrx_word' id='word_1_200' title='bbox 1340 3179 1444 3250; x_wconf 89' lang='lat' dir='ltr'><strong>talem</strong></span> <span class='ocrx_word' id='word_1_201' title='bbox 1468 3187 1502 3251; x_wconf 91' lang='lat' dir='ltr'><strong>et</strong></span> <span class='ocrx_word' id='word_1_202' title='bbox 1524 3188 1655 3252; x_wconf 84' lang='lat' dir='ltr'><strong>tamam</strong></span> 
     </span>
     <span class='ocr_line' id='line_1_23' title="bbox 245 3290 1657 3400; baseline 0.001 -23"><span class='ocrx_word' id='word_1_203' title='bbox 245 3327 428 3400; x_wconf 87' lang='lat' dir='ltr'><strong>personam</strong></span> <span class='ocrx_word' id='word_1_204' title='bbox 455 3305 561 3397; x_wconf 91' lang='lat' dir='ltr'><strong>hujus</strong></span> <span class='ocrx_word' id='word_1_205' title='bbox 584 3305 765 3400; x_wconf 89' lang='lat' dir='ltr'><strong>legationis</strong></span> <span class='ocrx_word' id='word_1_206' title='bbox 781 3301 894 3380; x_wconf 88' lang='lat' dir='ltr'><strong>officio</strong></span> <span class='ocrx_word' id='word_1_207' title='bbox 914 3304 1081 3376; x_wconf 85' lang='lat' dir='ltr'><strong>duximus</strong></span> <span class='ocrx_word' id='word_1_208' title='bbox 1106 3290 1342 3398; x_wconf 88' lang='lat' dir='ltr'><strong>deputandam</strong></span> <span class='ocrx_word' id='word_1_209' title='bbox 1364 3325 1434 3398; x_wconf 92' lang='lat' dir='ltr'><strong>qua</strong></span> <span class='ocrx_word' id='word_1_210' title='bbox 1456 3307 1657 3378; x_wconf 89' lang='lat' dir='ltr'><strong>auctoritate</strong></span> 
     </span>
     <span class='ocr_line' id='line_1_24' title="bbox 245 3425 1656 3526; baseline 0.002 -26"><span class='ocrx_word' id='word_1_211' title='bbox 245 3430 468 3526; x_wconf 86' lang='lat' dir='ltr'><strong>praemineat,</strong></span> <span class='ocrx_word' id='word_1_212' title='bbox 486 3430 613 3526; x_wconf 88' lang='lat' dir='ltr'><strong>polleat</strong></span> <span class='ocrx_word' id='word_1_213' title='bbox 630 3429 856 3502; x_wconf 88' lang='lat' dir='ltr'><strong>honestateet</strong></span> <span class='ocrx_word' id='word_1_214' title='bbox 872 3427 908 3498; x_wconf 90' lang='grc'><strong>11</strong></span> <span class='ocrx_word' id='word_1_215' title='bbox 925 3449 1028 3524; x_wconf 88' lang='lat' dir='ltr'><strong>opere</strong></span> <span class='ocrx_word' id='word_1_216' title='bbox 1050 3436 1084 3500; x_wconf 89' lang='grc'><strong>11</strong></span> <span class='ocrx_word' id='word_1_217' title='bbox 1101 3448 1259 3500; x_wconf 92' lang='lat' dir='ltr'><strong>sermone</strong></span> <span class='ocrx_word' id='word_1_218' title='bbox 1279 3425 1324 3498; x_wconf 90' lang='lat' dir='ltr'><strong>sit</strong></span> <span class='ocrx_word' id='word_1_219' title='bbox 1347 3436 1482 3522; x_wconf 91' lang='lat' dir='ltr'><strong>potens,</strong></span> <span class='ocrx_word' id='word_1_220' title='bbox 1503 3438 1538 3500; x_wconf 90' lang='lat' dir='ltr'><strong>et</strong></span> <span class='ocrx_word' id='word_1_221' title='bbox 1554 3451 1601 3502; x_wconf 86' lang='lat' dir='ltr'><strong>ex</strong></span> <span class='ocrx_word' id='word_1_222' title='bbox 1614 3451 1656 3503; x_wconf 91' lang='grc'><strong>11</strong></span> 
     </span>
     <span class='ocr_line' id='line_1_25' title="bbox 245 3552 1657 3652; baseline 0.002 -27"><span class='ocrx_word' id='word_1_223' title='bbox 245 3553 342 3652; x_wconf 89' lang='lat' dir='ltr'><strong>quod</strong></span> <span class='ocrx_word' id='word_1_224' title='bbox 369 3555 513 3649; x_wconf 88' lang='lat' dir='ltr'><strong>gratiam</strong></span> <span class='ocrx_word' id='word_1_225' title='bbox 538 3564 689 3628; x_wconf 87' lang='lat' dir='ltr'><strong>nostram</strong></span> <span class='ocrx_word' id='word_1_226' title='bbox 717 3553 852 3648; x_wconf 91' lang='lat' dir='ltr'><strong>plenius</strong></span> <span class='ocrx_word' id='word_1_227' title='bbox 875 3553 1007 3626; x_wconf 90' lang='lat' dir='ltr'><strong>obtinet</strong></span> <span class='ocrx_word' id='word_1_228' title='bbox 1032 3562 1067 3626; x_wconf 90' lang='lat' dir='ltr'><strong>et</strong></span> <span class='ocrx_word' id='word_1_229' title='bbox 1092 3561 1242 3625; x_wconf 90' lang='lat' dir='ltr'><strong>nostram</strong></span> <span class='ocrx_word' id='word_1_230' title='bbox 1266 3552 1364 3626; x_wconf 92' lang='lat' dir='ltr'><strong>novit</strong></span> <span class='ocrx_word' id='word_1_231' title='bbox 1387 3553 1510 3626; x_wconf 89' lang='lat' dir='ltr'><strong>melius</strong></span> <span class='ocrx_word' id='word_1_232' title='bbox 1531 3555 1657 3628; x_wconf 93' lang='lat' dir='ltr'><strong>volun·</strong></span> 
     </span>
     <span class='ocr_line' id='line_1_26' title="bbox 244 3675 1658 3774; baseline 0.002 -24"><span class='ocrx_word' id='word_1_233' title='bbox 244 3686 364 3768; x_wconf 82' lang='grc'><strong>111111,</strong></span> <span class='ocrx_word' id='word_1_234' title='bbox 380 3699 440 3750; x_wconf 87' lang='lat' dir='ltr'><strong>eos</strong></span> <span class='ocrx_word' id='word_1_235' title='bbox 452 3677 515 3773; x_wconf 90' lang='lat' dir='ltr'><strong>qui</strong></span> <span class='ocrx_word' id='word_1_236' title='bbox 532 3677 760 3774; x_wconf 88' lang='lat' dir='ltr'><strong>pacamregni</strong></span> <span class='ocrx_word' id='word_1_237' title='bbox 776 3677 916 3750; x_wconf 90' lang='lat' dir='ltr'><strong>turbare</strong></span> <span class='ocrx_word' id='word_1_238' title='bbox 929 3675 1070 3749; x_wconf 88' lang='lat' dir='ltr'><strong>forsitan</strong></span> <span class='ocrx_word' id='word_1_239' title='bbox 1083 3675 1273 3748; x_wconf 91' lang='lat' dir='ltr'><strong>moliuntur</strong></span> <span class='ocrx_word' id='word_1_240' title='bbox 1281 3675 1424 3748; x_wconf 89' lang='lat' dir='ltr'><strong>liberius</strong></span> <span class='ocrx_word' id='word_1_241' title='bbox 1432 3678 1658 3773; x_wconf 86' lang='lat' dir='ltr'><strong>comprimere</strong></span> 
     </span>
     <span class='ocr_line' id='line_1_27' title="bbox 245 3798 1657 3900; baseline 0 -24"><span class='ocrx_word' id='word_1_242' title='bbox 245 3802 353 3900; x_wconf 90' lang='lat' dir='ltr'><strong>possit</strong></span> <span class='ocrx_word' id='word_1_243' title='bbox 366 3812 401 3875; x_wconf 90' lang='lat' dir='ltr'><strong>et</strong></span> <span class='ocrx_word' id='word_1_244' title='bbox 415 3803 616 3875; x_wconf 85' lang='lat' dir='ltr'><strong>universum</strong></span> <span class='ocrx_word' id='word_1_245' title='bbox 632 3823 777 3896; x_wconf 86' lang='lat' dir='ltr'><strong>regnum</strong></span> <span class='ocrx_word' id='word_1_246' title='bbox 792 3801 828 3873; x_wconf 93' lang='lat' dir='ltr'><strong>in</strong></span> <span class='ocrx_word' id='word_1_247' title='bbox 846 3799 1020 3874; x_wconf 88' lang='lat' dir='ltr'><strong>carissime</strong></span> <span class='ocrx_word' id='word_1_248' title='bbox 1036 3801 1072 3872; x_wconf 94' lang='lat' dir='ltr'><strong>in</strong></span> <span class='ocrx_word' id='word_1_249' title='bbox 1088 3799 1220 3872; x_wconf 87' lang='lat' dir='ltr'><strong>Christo</strong></span> <span class='ocrx_word' id='word_1_250' title='bbox 1238 3798 1307 3873; x_wconf 91' lang='lat' dir='ltr'><strong>lilia</strong></span> <span class='ocrx_word' id='word_1_251' title='bbox 1321 3809 1437 3873; x_wconf 91' lang='lat' dir='ltr'><strong>nostre</strong></span> <span class='ocrx_word' id='word_1_252' title='bbox 1454 3801 1657 3876; x_wconf 89' lang='lat' dir='ltr'><strong>Constancie</strong></span> 
     </span>
     <span class='ocr_line' id='line_1_28' title="bbox 245 3924 1657 4023; baseline 0.003 -25"><span class='ocrx_word' id='word_1_253' title='bbox 245 3927 473 4023; x_wconf 89' lang='lat' dir='ltr'><strong>imperatricis</strong></span> <span class='ocrx_word' id='word_1_254' title='bbox 502 3927 620 4020; x_wconf 91' lang='lat' dir='ltr'><strong>regine</strong></span> <span class='ocrx_word' id='word_1_255' title='bbox 644 3947 686 3998; x_wconf 90' lang='lat' dir='ltr'><strong>ac</strong></span> <span class='ocrx_word' id='word_1_256' title='bbox 709 3925 771 3998; x_wconf 87' lang='lat' dir='ltr'><strong>filii</strong></span> <span class='ocrx_word' id='word_1_257' title='bbox 794 3928 870 4020; x_wconf 91' lang='lat' dir='ltr'><strong>ejus</strong></span> <span class='ocrx_word' id='word_1_258' title='bbox 890 3924 1054 3998; x_wconf 86' lang='lat' dir='ltr'><strong>Friderici</strong></span> <span class='ocrx_word' id='word_1_259' title='bbox 1078 3925 1193 3997; x_wconf 91' lang='lat' dir='ltr'><strong>Sicilia</strong></span> <span class='ocrx_word' id='word_1_260' title='bbox 1216 3925 1308 4019; x_wconf 88' lang='lat' dir='ltr'><strong>regis</strong></span> <span class='ocrx_word' id='word_1_261' title='bbox 1331 3925 1474 3999; x_wconf 90' lang='lat' dir='ltr'><strong>illustris</strong></span> <span class='ocrx_word' id='word_1_262' title='bbox 1493 3926 1657 4002; x_wconf 86' lang='lat' dir='ltr'><strong>fidelitate</strong></span> 
     </span>
     <span class='ocr_line' id='line_1_29' title="bbox 245 4049 1656 4146; baseline -0.001 -20"><span class='ocrx_word' id='word_1_263' title='bbox 245 4051 372 4145; x_wconf 89' lang='lat' dir='ltr'><strong>pariter</strong></span> <span class='ocrx_word' id='word_1_264' title='bbox 388 4063 423 4124; x_wconf 88' lang='grc'><strong>11</strong></span> <span class='ocrx_word' id='word_1_265' title='bbox 435 4051 603 4146; x_wconf 91' lang='lat' dir='ltr'><strong>obsequio</strong></span> <span class='ocrx_word' id='word_1_266' title='bbox 616 4050 781 4144; x_wconf 88' lang='lat' dir='ltr'><strong>stabilire,</strong></span> <span class='ocrx_word' id='word_1_267' title='bbox 799 4049 1051 4124; x_wconf 87' lang='lat' dir='ltr'><strong>contumaciam</strong></span> <span class='ocrx_word' id='word_1_268' title='bbox 1068 4049 1265 4146; x_wconf 88' lang='lat' dir='ltr'><strong>deprimens</strong></span> <span class='ocrx_word' id='word_1_269' title='bbox 1281 4051 1510 4146; x_wconf 87' lang='lat' dir='ltr'><strong>superborum</strong></span> <span class='ocrx_word' id='word_1_270' title='bbox 1524 4061 1557 4126; x_wconf 93' lang='lat' dir='ltr'><strong>et</strong></span> <span class='ocrx_word' id='word_1_271' title='bbox 1570 4055 1656 4126; x_wconf 90' lang='lat' dir='ltr'><strong>colla</strong></span> 
     </span>
     <span class='ocr_line' id='line_1_30' title="bbox 233 4175 1654 4270; baseline 0.003 -22"><span class='ocrx_word' id='word_1_272' title='bbox 233 4175 446 4253; x_wconf 78' lang='lat' dir='ltr'><strong>¹sublimium</strong></span> <span class='ocrx_word' id='word_1_273' title='bbox 459 4175 644 4255; x_wconf 87' lang='lat' dir='ltr'><strong>commissa</strong></span> <span class='ocrx_word' id='word_1_274' title='bbox 655 4175 722 4248; x_wconf 92' lang='lat' dir='ltr'><strong>sibi</strong></span> <span class='ocrx_word' id='word_1_275' title='bbox 736 4184 903 4270; x_wconf 73' lang='lat' dir='ltr'><strong>potestate</strong></span> <span class='ocrx_word' id='word_1_276' title='bbox 918 4175 1381 4250; x_wconf 81' lang='lat' dir='ltr'><strong>conculcansllenerabilem</strong></span> <span class='ocrx_word' id='word_1_277' title='bbox 1397 4176 1503 4269; x_wconf 86' lang='lat' dir='ltr'><strong>igitur</strong></span> <span class='ocrx_word' id='word_1_278' title='bbox 1519 4180 1654 4252; x_wconf 89' lang='lat' dir='ltr'><strong>fratrem</strong></span> 
     </span>
     <span class='ocr_line' id='line_1_31' title="bbox 245 4299 1650 4396; baseline 0.002 -26"><span class='ocrx_word' id='word_1_279' title='bbox 245 4308 398 4372; x_wconf 91' lang='lat' dir='ltr'><strong>nostrum</strong></span> <span class='ocrx_word' id='word_1_280' title='bbox 417 4300 646 4372; x_wconf 89' lang='lat' dir='ltr'><strong>Octavianum</strong></span> <span class='ocrx_word' id='word_1_281' title='bbox 669 4301 883 4373; x_wconf 86' lang='lat' dir='ltr'><strong>Hostiensam</strong></span> <span class='ocrx_word' id='word_1_282' title='bbox 903 4300 1123 4396; x_wconf 89' lang='lat' dir='ltr'><strong>episcopum,</strong></span> <span class='ocrx_word' id='word_1_283' title='bbox 1139 4299 1335 4394; x_wconf 81' lang='lat' dir='ltr'><strong>Apostolice</strong></span> <span class='ocrx_word' id='word_1_284' title='bbox 1355 4300 1455 4374; x_wconf 88' lang='lat' dir='ltr'><strong>Sedis</strong></span> <span class='ocrx_word' id='word_1_285' title='bbox 1483 4304 1650 4395; x_wconf 90' lang='lat' dir='ltr'><strong>legatum,</strong></span> 
     </span>
     <span class='ocr_line' id='line_1_32' title="bbox 244 4423 1655 4519; baseline 0.004 -23"><span class='ocrx_word' id='word_1_286' title='bbox 244 4425 359 4497; x_wconf 90' lang='lat' dir='ltr'><strong>virum</strong></span> <span class='ocrx_word' id='word_1_287' title='bbox 380 4423 565 4519; x_wconf 91' lang='lat' dir='ltr'><strong>providum</strong></span> <span class='ocrx_word' id='word_1_288' title='bbox 584 4433 619 4496; x_wconf 89' lang='lat' dir='ltr'><strong>et</strong></span> <span class='ocrx_word' id='word_1_289' title='bbox 633 4424 816 4498; x_wconf 89' lang='lat' dir='ltr'><strong>honestum</strong></span> <span class='ocrx_word' id='word_1_290' title='bbox 835 4424 896 4518; x_wconf 91' lang='lat' dir='ltr'><strong>qni</strong></span> <span class='ocrx_word' id='word_1_291' title='bbox 919 4424 965 4498; x_wconf 93' lang='lat' dir='ltr'><strong>ob</strong></span> <span class='ocrx_word' id='word_1_292' title='bbox 987 4425 1131 4517; x_wconf 85' lang='lat' dir='ltr'><strong>gratiam</strong></span> <span class='ocrx_word' id='word_1_293' title='bbox 1152 4425 1391 4496; x_wconf 81' lang='lat' dir='ltr'><strong>familiaritatis</strong></span> <span class='ocrx_word' id='word_1_294' title='bbox 1408 4435 1443 4496; x_wconf 92' lang='grc'><strong>11</strong></span> <span class='ocrx_word' id='word_1_295' title='bbox 1462 4425 1655 4502; x_wconf 92' lang='lat' dir='ltr'><strong>dilectionis</strong></span> 
     </span>
     <span class='ocr_line' id='line_1_33' title="bbox 243 4547 1655 4646; baseline 0.001 -22"><span class='ocrx_word' id='word_1_296' title='bbox 243 4550 387 4644; x_wconf 87' lang='lat' dir='ltr'><strong>antique</strong></span> <span class='ocrx_word' id='word_1_297' title='bbox 408 4569 449 4620; x_wconf 87' lang='lat' dir='ltr'><strong>ac</strong></span> <span class='ocrx_word' id='word_1_298' title='bbox 466 4569 530 4620; x_wconf 88' lang='lat' dir='ltr'><strong>sne</strong></span> <span class='ocrx_word' id='word_1_299' title='bbox 547 4547 727 4642; x_wconf 90' lang='lat' dir='ltr'><strong>dignitatis</strong></span> <span class='ocrx_word' id='word_1_300' title='bbox 745 4549 872 4622; x_wconf 92' lang='lat' dir='ltr'><strong>intuitu</strong></span> <span class='ocrx_word' id='word_1_301' title='bbox 898 4549 1047 4646; x_wconf 91' lang='lat' dir='ltr'><strong>primum</strong></span> <span class='ocrx_word' id='word_1_302' title='bbox 1072 4549 1160 4620; x_wconf 90' lang='lat' dir='ltr'><strong>inter</strong></span> <span class='ocrx_word' id='word_1_303' title='bbox 1179 4551 1300 4620; x_wconf 85' lang='lat' dir='ltr'><strong>fratres</strong></span> <span class='ocrx_word' id='word_1_304' title='bbox 1324 4557 1456 4621; x_wconf 90' lang='lat' dir='ltr'><strong>nostros</strong></span> <span class='ocrx_word' id='word_1_305' title='bbox 1475 4550 1571 4645; x_wconf 92' lang='lat' dir='ltr'><strong>apud</strong></span> <span class='ocrx_word' id='word_1_306' title='bbox 1592 4575 1655 4626; x_wconf 91' lang='lat' dir='ltr'><strong>nos</strong></span> 
     </span>
     <span class='ocr_line' id='line_1_34' title="bbox 244 4671 1656 4774; baseline 0.006 -30"><span class='ocrx_word' id='word_1_307' title='bbox 244 4674 357 4746; x_wconf 90' lang='lat' dir='ltr'><strong>locum</strong></span> <span class='ocrx_word' id='word_1_308' title='bbox 381 4673 506 4746; x_wconf 88' lang='lat' dir='ltr'><strong>meruit</strong></span> <span class='ocrx_word' id='word_1_309' title='bbox 531 4672 705 4766; x_wconf 89' lang='lat' dir='ltr'><strong>obtinere,</strong></span> <span class='ocrx_word' id='word_1_310' title='bbox 739 4673 775 4744; x_wconf 94' lang='lat' dir='ltr'><strong>in</strong></span> <span class='ocrx_word' id='word_1_311' title='bbox 802 4695 948 4770; x_wconf 90' lang='lat' dir='ltr'><strong>regnum</strong></span> <span class='ocrx_word' id='word_1_312' title='bbox 980 4673 1094 4746; x_wconf 89' lang='lat' dir='ltr'><strong>Sicilie</strong></span> <span class='ocrx_word' id='word_1_313' title='bbox 1121 4673 1289 4746; x_wconf 84' lang='lat' dir='ltr'><strong>duximus</strong></span> <span class='ocrx_word' id='word_1_314' title='bbox 1316 4671 1561 4750; x_wconf 88' lang='lat' dir='ltr'><strong>destinandum</strong></span> <span class='ocrx_word' id='word_1_315' title='bbox 1593 4679 1656 4774; x_wconf 91' lang='lat' dir='ltr'><strong>qui</strong></span> 
     </span>
    </p>
   </div>
   <div class='ocr_carea' id='block_1_3' title="bbox 0 0 2222 5942">
    <p class='ocr_par' dir='ltr' id='par_1_3' title="bbox 0 0 2222 5942">
     <span class='ocr_line' id='line_1_35' title="bbox 0 0 2222 5942; baseline 0 0"><span class='ocrx_word' id='word_1_316' title='bbox 0 0 2222 5942; x_wconf 95' lang='lat' dir='ltr'><strong> </strong></span> 
     </span>
    </p>
   </div>
  </div>
 </body>
</html>
