4382 5946
231 563 331 622 luurcr.
346 559 389 637 2.]
678 553 873 616 HISTORIA
898 552 1190 617 DlPLOldA'l'lCll.
1582 553 1643 616 295

232 698 323 772 ravit
340 694 391 791 (l)
408 713 488 766 cum
513 691 631 783 silvis,
659 692 784 786 pratis,
812 693 969 787 pascuis,
992 694 1086 788 agris
1114 693 1215 766 cultis
1244 701 1278 766 et
1302 692 1461 780 incultis,
1485 692 1586 786 aquis
1610 702 1645 764 et

233 843 404 918 equarum
421 816 628 890 decursibus
647 825 681 888 61
697 838 782 924 cum¹
796 817 968 889 universis
990 818 1205 918 appendiciis
1224 818 1317 909 suis,
1339 817 1489 910 justiciis
1505 837 1645 912 quoque

233 956 268 1018 et
289 943 481 1017 rationibus
498 941 544 1014 ad
563 939 723 1037 predium
748 941 836 1014 illud
852 942 1114 1036 pertinentibus.
1135 941 1362 1015 concedimus
1385 941 1431 1015 ad
1447 941 1512 1014 bec
1531 942 1644 1015 eidem

233 1068 441 1144 monasterio
460 1075 494 1140 61
516 1065 759 1138 confirmamus
774 1086 981 1160 quecunque
997 1068 1217 1140 concessione
1231 1067 1450 1163 pontificum,
1467 1067 1646 1162 largitione

233 1193 449 1290 principum,
471 1189 563 1264 dono
587 1189 751 1262 comitum
769 1191 825 1262 vol
849 1190 1017 1262 baronum
1042 1201 1076 1263 61
1101 1193 1247 1264 eliorum
1269 1192 1447 1266 oblacione
1471 1191 1642 1283 fidelium,

229 1320 323 1410 juste
336 1325 370 1389 61
384 1314 631 1390 rationabiliter
645 1313 797 1408 possidet
807 1315 842 1384 in
852 1315 1103 1408 presentiarum
1117 1325 1177 1388 aut
1190 1318 1225 1388 in
1238 1317 1393 1388 futurum
1402 1317 1505 1407 justis
1519 1316 1643 1406 modis,

234 1441 446 1516 concedente
469 1439 628 1530 Domino,
645 1438 770 1533 poterit
791 1439 953 1534 adipisci,
982 1441 1138 1530 uolentes
1162 1441 1266 1514 etiam
1291 1441 1510 1532 concambia,
1537 1441 1646 1515 dona·

234 1567 351 1640 ciones
369 1574 405 1639 61
421 1565 645 1639 vendiciones
660 1585 781 1638 omues
801 1586 822 1636 a
840 1565 1121 1638 ministerialibus
1135 1575 1170 1638 et
1182 1566 1380 1639 hominibus
1395 1567 1518 1640 nostris
1532 1566 1647 1640 eidem

235 1690 445 1764 monasterio
470 1692 576 1762 lactas
595 1689 759 1762 debonis
778 1689 914 1784 imperii
937 1691 995 1763 161
1019 1691 1216 1786 patrimonii
1239 1692 1346 1764 nostri
1371 1691 1488 1764 lirmas
1511 1713 1647 1786 semper
1697 1713 1701 1720 ·

235 1825 270 1888 et
286 1815 435 1888 illibatas
454 1835 667 1909 permanere.
689 1815 733 1887 Ut
751 1814 855 1908 igitur
874 1814 1109 1911 supradictum
1134 1816 1379 1888 monasterium
1398 1817 1523 1888 levoris
1540 1817 1647 1888 nostri

236 1950 270 2014 61
285 1940 396 2032 gratie
420 1937 637 2034 plenitudine
654 1937 804 2032 gaudeat
829 1948 863 2010 61
885 1940 922 2010 16
940 1949 1031 2014 stetu
1054 1940 1149 2036 pacis
1166 1940 1349 2031 consistat,
1368 1949 1403 2014 et
1415 1949 1454 2012 ut
1471 1940 1537 2014 hec
1557 1963 1646 2014 con-

236 2067 345 2138 cessio
367 2073 536 2138 nostrast
557 2063 768 2138 confirmatio
791 2064 924 2138 stabilis
947 2065 1033 2139 6161
1058 2065 1384 2154 11111616666616161,
1403 2087 1545 2161 presens
1565 2067 1650 2140 inde

236 2190 460 2286 privilegium
475 2189 646 2263 conscribi
660 2190 827 2284 jussimus
843 2197 878 2263 et
893 2200 1006 2264 nostre
1022 2191 1210 2284 mejestatis
1226 2192 1321 2264 bulla
1340 2192 1557 2264 communiri.

284 2315 396 2406 Hujus
421 2315 471 2388 rei
491 2323 594 2388 testes
616 2323 696 2386 sunt
715 2317 757 2386 Η.
779 2313 1038 2408 Α1361111666616
1056 2316 1256 2410 episeopus,
1284 2335 1398 2388 comes
1420 2313 1581 2388 Albertus
1604 2317 1652 2390 de

236 2440 429 2531 llberstein,
448 2461 564 2513 comes
582 2439 780 2533 sigebertus
795 2437 841 2512 de
856 2437 998 2530 Werda,
1019 2461 1134 2512 comes
1151 2441 1191 2510 B.
1214 2441 1259 2512 de
1274 2440 1385 2530 Sulze,
1406 2440 1586 2512 Heinricus
1605 2440 1650 2514 de

236 2563 482 2658 Kungesberg,
504 2565 543 2636 B.
564 2563 609 2637 de
625 2564 817 2657 Burgelou,
835 2562 1052 2637 'llvirbardus
1069 2563 1234 2658 pincerna
1253 2561 1298 2636 de
1315 2565 1448 2656 Tanna,
1470 2563 1650 2636 Cuuredus

237 2688 282 2764 de
300 2691 417 2762 Tanne
436 2698 470 2760 at
485 2689 544 2762 alii
559 2689 794 2784 quamplures.
1150 2673 1151 2677 ¹

286 2813 374 2886 Acta
391 2823 473 2886 sunt
490 2813 556 2888 hec
576 2835 668 2887 anno
687 2812 861 2886 dominice
883 2811 1127 2886 incarnationis
1141 2811 1369 2903 ll⁰CC⁰Xllll⁰,
1391 2811 1579 2886 indictione
1595 2834 1652 2886 se·

238 2937 372 3031 cunda,
390 2947 556 3034 regnante
574 2939 715 3014 domino
734 2935 906 3011 Friderico
926 2936 1081 3010 seeundo
1106 2939 1336 3012 Romanorum
1354 2957 1436 3030 rege
1454 2937 1652 3032 3161166661

238 3085 320 3157 1636
335 3063 463 3154 Sicilie,
485 3085 577 3136 anno
593 3064 693 3158 regni
707 3064 782 3156 ejus
797 3063 964 3136 seeundo.

286 3189 412 3261 Datum
429 3186 526 3284 apud
541 3188 761 3280 Hegenowe,
778 3187 836 3258 llll
854 3186 935 3260 idus
952 3185 1085 3260 marcii.

453 3523 764 3536 -ι--ι--ιο-

293 3821 530 3930 Fridericus,
559 3819 821 3904 Romanorum
847 3846 932 3928 rex,
955 3803 1133 3904 ecclesias
1158 3805 1447 3906 Rodenlrirchen
1471 3833 1509 3908 61
1534 3826 1653 3910 filiam
1709 3849 1813 3948 ,3332

238 3953 322 4064 ejus
349 3955 504 4066 Hagene
531 3955 603 4038 sub
631 3954 782 4064 speciali
810 3954 1028 4036 defensione
1055 3981 1126 4037 sua
1152 3955 1355 4064 recipiens,
1384 3958 1460 4040 illis
1486 3959 1587 4042 boue
1614 3961 1651 4041 in
1707 3961 1729 4002 ¹¹
1745 3934 1831 4013 ‘⁹⁶¹¹‘

241 4089 479 4199 Oppenheim
498 4088 648 4199 aliaque
670 4087 891 4172 nominibus
910 4113 1087 4198 expresso
1109 4089 1327 4196 6661111661,
1348 4099 1462 4201 etque
1479 4091 1653 4203 indulget
1679 4079 1683 4090 ’

239 4233 283 4306 111
297 4224 345 4306 de
357 4223 542 4308 universis
558 4221 685 4332 bonis,
696 4231 846 4332 praeter
858 4232 1047 4333 receptam
1064 4223 1249 4306 rationem
1267 4233 1305 4306 et
1321 4235 1540 4308 consuetam
1555 4225 1570 4337 j
1575 4253 1650 4310 us-

238 4355 382 4462 titiam,
402 4383 480 4440 666
499 4365 717 4467 paventur.

244 4567 389 4581 ἰ--ι

274 4711 313 4784 (1)
333 4710 373 4768 Ci.
388 4726 486 4786 supra,
497 4729 525 4787 p.
536 4716 597 4784 tot,
613 4713 783 4788 privilegium
794 4714 886 4772 datum
899 4661 1168 4788 Geloniumianuario
1183 4717 1260 4773 1216.
