4382 5946
238 581 338 644 lenum.
353 579 397 658 ἰ]
685 567 882 632 HISTORIA
906 557 1195 626 ntetodn'rtcn.

291 1145 529 1234 Innocentius
547 1169 646 1255 papa
663 1141 846 1252 magistro
863 1147 900 1224 et
917 1137 1096 1221 fratribus
1113 1135 1311 1246 hospitalis
1325 1131 1642 1216 Theutonicorum
1677 1143 1839 1248 {suffire}

239 1285 288 1368 de
306 1284 432 1367 Aenon
454 1277 577 1362 casale
600 1277 815 1359 'lussanum
838 1273 953 1356 situm
975 1272 1072 1354 inter
1094 1269 1293 1354 Salernum
1310 1278 1347 1349 et
1368 1265 1535 1348 Ebulum
1553 1289 1642 1346 cum
1695 1253 1723 1296 ²²
1736 1253 1819 1306 ‘9⁶¹¹‘

238 1415 474 1520 bominibus,
484 1409 800 1522 possessionibus,
815 1406 1029 1490 tenimentis
1046 1413 1083 1486 et
1100 1402 1277 1486 omnibus
1290 1398 1523 1508 pertinentiis
1541 1395 1638 1507 ejus,

241 1578 265 1634 a
282 1549 478 1634 carissimo
495 1546 574 1628 filio
592 1568 662 1628 suo
679 1543 722 1628 F.
740 1541 887 1625 Siciliae
902 1567 991 1650 rege
1007 1539 1129 1624 eidem
1145 1534 1323 1644 hospitali
1340 1533 1403 1643 pin
1419 1530 1643 1616 liberalitate

239 1684 437 1790 collatum,
450 1678 663 1768 confirmat.

323 1897 495 1978 (Memorat.
514 1912 561 1972 up.
578 1893 690 1967 Veros,
708 1888 801 1953 Gescb
817 1891 983 1963 hauteur,
1003 1893 1027 1948 t.
1045 1887 1089 1962 11,
1109 1903 1140 1963 p.
1157 1894 1207 1958 73,
1223 1891 1286 1945 not.
1303 1891 1337 1957 t,
1353 1898 1391 1943 ex
1410 1885 1592 1960 transumpto
1611 1880 1644 1939 ln

365 2003 486 2067 &urm
494 1995 768 2083 prtotlcqieubucbe,
783 1998 864 2076 apud
876 1994 1057 2074 Kbntgsberg
1070 1989 1242 2068 asservato.)

292 2188 417 2262 Datum
444 2189 550 2262 Rome
579 2185 675 2283 apud
699 2185 861 2258 &ndum
881 2181 1037 2272 Petrum,
1060 2178 1093 2248 X
1119 2175 1283 2252 kalendas
1309 2173 1407 2266 maii,
1428 2170 1647 2269 pontificatus

245 2310 350 2384 nostri
367 2331 459 2384 anno
475 2310 567 2384 XVII
572 2363 580 2381 .

297 2950 526 3055 Fridericus‚
545 2949 804 3034 Romanorum
820 2973 906 3056 rex,
925 2945 1104 3058 hospitali
1131 2946 1289 3029 Sanctae
1313 2945 1453 3030 Mariae
1478 2945 1648 3028 Theuto-
1683 2961 1846 3070 offlam

244 3083 417 3166 nieorum
434 3082 619 3193 hospitale
635 3107 847 3192 pauperum
865 3083 905 3162 in
923 3080 1069 3165 civitate
1087 3107 1157 3163 sua
1175 3078 1398 3190 Aldenburg
1413 3079 1543 3186 situm,
1559 3103 1647 3162 eum

244 3217 359 3300 rebus
376 3227 414 3301 et
430 3216 601 3327 personis
618 3226 656 3299 et
673 3215 858 3299 universis
881 3215 1114 3325 pertinentiis
1132 3213 1233 3324 ejus,
1253 3213 1293 3295 in
1311 3223 1530 3323 perpetuam
1548 3238 1646 3321 pro-

246 3351 442 3460 prietatem
458 3351 588 3433 donat.

324 3565 442 3646 (Inedlt.
456 3581 492 3628 ex
508 3565 643 3645 orlgtuull
654 3565 686 3626 ln
700 3562 820 3626 archivo
831 3561 988 3624 Dresdensl
1001 3559 1057 3624 sub
1068 3570 1103 3622 π’
1119 3570 1174 3624 182
1188 3561 1360 3641 umnec)

294 3753 335 3826 In
364 3753 504 3827 nornine
531 3763 648 3828 sancte
673 3761 708 3827 et
731 3751 915 3828 individue
938 3751 1122 3828 Trinitatis.
1147 3752 1341 3828 Fridericus
1366 3752 1487 3830 divina
1513 3754 1650 3830 favente

247 3877 427 3950 clementia
441 3877 671 3950 Romanorum
693 3898 775 3966 rex,
795 3898 929 3974 semper
946 3887 1132 3973 augustus,
1152 3885 1187 3952 et
1207 3899 1272 3950 rex
1292 3877 1421 3953 Sicilie.
1442 3879 1567 3954 literne
1588 3899 1650 3952 rs-

247 3999 441 4074 tributionis
461 3999 592 4098 premia
621 4001 773 4097 prolecto
798 4009 948 4075 meretur
974 4003 1130 4098 accipere
1156 4002 1219 4097 qui
1248 4001 1415 4076 militibus
1441 4001 1564 4074 Christi
1587 4023 1650 4098 per

247 4123 448 4221 temporalia
464 4123 635 4222 stipendia
653 4146 760 4198 manu
777 4125 874 4220 larga
894 4125 1066 4200 curaverit
1084 4125 1280 4200 subvenire.
1301 4125 1387 4200 Inde
1405 4126 1567 4222 estquod
1583 4147 1648 4200 nos

247 4411 377 4470 encres,
395 4397 498 4457 neurus
509 4415 543 4456 ex
556 4398 659 4458 itineris
671 4399 766 4457 ordine
779 4398 969 4459 crediderimus
991 4399 1020 4456 in
1036 4399 1198 4457 notationem
1215 4399 1278 4458 anni
1297 4399 1421 4457 mendam
1437 4398 1609 4459 refellendam
1623 4405 1652 4462 et

247 4509 297 4568 pro
304 4495 336 4552 Χ
340 4495 372 4550 V⁰
384 4495 461 4556 x1v⁰
472 4495 611 4571 legendum
620 4497 809 4557 esse.Nomina
818 4497 929 4572 insuper
939 4495 1056 4568 testium,
1066 4497 1160 4555 eadem
1173 4513 1205 4556 ac
1218 4497 1246 4555 in
1257 4498 1426 4572 praecedenti
1437 4498 1651 4572 coamentem

246 4590 319 4746 ἓξὲξ
318 4591 482 4751 wei.
477 4595 524 4670 qui
536 4596 564 4654 in
577 4596 744 4656 documentis
759 4597 821 4654 anni
839 4599 908 4655 titt
920 4595 955 4654 ab
968 4595 1109 4654 undecimo
1125 4596 1255 4671 usquead
1269 4595 1377 4655 tertium
1389 4597 1546 4657 vicesimum
1558 4599 1652 4674 aprilis
