4334 5980
236 585 334 646 lucror.
352 583 413 659 ln]
687 577 881 638 HISTORIA
908 576 1199 640 blrnoltallca
1473 621 1476 628 .
1585 574 1645 634 209

234 715 371 820 erexit,
395 711 501 794 mille
522 721 674 794 menos
701 735 836 794 aureos
860 709 1059 794 annuatim
1086 709 1346 819 percipiendos
1363 709 1403 790 in
1421 717 1644 818 perpetuum

234 849 366 931 donat.

316 1061 587 1140 (Edld.Uomnr,
602 1055 1206 1138 1ut.saea,cv11,p.arr,renparom
1219 1065 1249 1120 et
1262 1057 1318 1119 sub
1332 1057 1427 1120 torma
1440 1075 1529 1136 mam
1544 1058 1582 1119 ed
1595 1073 1645 1118 so-

355 1169 442 1230 litum
454 1183 544 1230 mum
556 1166 739 1244 redlglmns)

285 1353 470 1426 Federicus
494 1375 559 1426 rex
581 1353 713 1439 Sicilie,
734 1363 824 1443 etc,
851 1373 893 1426 ac
913 1353 1141 1426 Romanomm
1163 1355 1345 1451 imperator
1362 1356 1503 1428 electus.
1529 1355 1647 1426 Consi-

239 1479 397 1554 derantos
427 1477 581 1550 divinam
618 1476 886 1551 misericordiam
920 1478 1019 1570 cujus
1049 1478 1323 1573 magnitudinem
1355 1477 1647 1574 comprehendere

239 1625 307 1676 non
327 1603 532 1692 sufficimus,
552 1599 635 1676 licet
649 1603 861 1676 incrementa
879 1603 915 1674 in
934 1603 1134 1699 nobisipsis
1152 1605 1341 1678 sentiamus
1357 1603 1496 1676 assidua
1501 1657 1643 1674 .....

242 1783 250 1798 .
277 1783 285 1798 .
309 1781 318 1800 .
343 1781 373 1818 .,
405 1749 485 1800 cum
512 1737 746 1800 sacrosanctas
775 1726 939 1802 ecclesias
963 1728 1024 1800 ubi
1043 1731 1172 1822 jugiter
1195 1729 1269 1824 ipse
1290 1725 1409 1828 [Deus]
1432 1727 1592 1800 laudatur
1614 1737 1648 1799 et

240 1853 374 1942 colitur,
395 1850 629 1924 munificentie
647 1861 762 1926 nostre
779 1851 957 1926 beneficiis
974 1851 1195 1926 honoramus.
1216 1853 1265 1926 Ea
1288 1861 1427 1948 propter
1448 1851 1647 1948 petitionem

239 1997 342 2072 quam
363 1975 462 2048 nobis
483 1975 629 2048 dilectus
648 1975 685 2047 in
703 1975 835 2048 Christo
857 1983 953 2070 pater
975 1975 1095 2049 l’etms
1118 1977 1208 2050 tituli
1238 1976 1353 2048 Sancti
1371 1975 1522 2048 Marcelli
1549 1996 1647 2072 pres·

240 2101 341 2197 byter
360 2099 546 2172 cardinalis
570 2098 767 2172 celsitudini
788 2108 905 2172 nostre
924 2101 1078 2196 porrexit
1095 2101 1245 2196 benigne
1269 2099 1500 2194 admittentes,
1521 2099 1647 2172 intuitu

240 2235 404 2320 perpetue
428 2223 675 2311 retributionis,
699 2245 761 2319 pro
785 2233 900 2297 nostra
924 2247 1064 2320 quoquc
1086 2227 1196 2298 salute
1220 2235 1255 2298 et
1277 2224 1432 2298 remedio
1455 2225 1647 2298 animarum

242 2349 403 2422 divorum
427 2359 652 2442 augustorum
675 2359 856 2443 parentum
873 2359 1066 2422 nostrorum
1086 2351 1214 2446 inclyte
1230 2349 1492 2440 recordationis,
1515 2371 1648 2424 necnon

241 2473 513 2546 consideratione
536 2473 623 2567 grati
648 2473 781 2546 servitii
807 2473 904 2568 qnod
931 2474 1126 2547 celsitudini
1154 2483 1269 2547 nostre
1292 2474 1511 2548 laudabiliter
1536 2475 1649 2548 dietus

241 2597 425 2670 cardinalis
443 2595 631 2692 impendit,
651 2598 906 2672 considerantes
924 2609 959 2672 et
976 2597 1151 2671 laudabile
1176 2607 1296 2671 votnm
1315 2597 1397 2670 dieti
1423 2597 1554 2671 domini
1573 2621 1649 2672 car·

243 2722 369 2795 dinalis
388 2723 449 2816 qni
468 2723 522 2794 bis
541 2723 753 2818 temporibus
775 2723 914 2796 domum
935 2725 972 2795 in
990 2722 1191 2796 canonicam
1209 2723 1402 2818 regularem
1420 2721 1466 2796 ad
1484 2721 1649 2795 honorem

243 2847 315 2921 divi
340 2847 431 2920 Petri
459 2847 603 2944 apostoli
627 2845 809 2944 Amalphie
831 2849 942 2922 erexit
965 2847 1035 2946 (l),
1057 2848 1227 2922 donamus
1260 2847 1294 2919 in
1322 2857 1528 2945 perpetuum
1560 2847 1650 2920 dicte

243 2973 386 3046 ecclesie
408 2971 453 3046 de
472 2972 633 3046 demanio
657 2984 773 3046 nostro
791 2973 866 3046 sive
886 2975 922 3046 in
945 2973 1153 3068 bajulatione
1173 2971 1300 3045 sivein
1320 2973 1505 3046 tenimento
1520 2973 1649 3068 Tropee

244 3097 334 3168 mille
353 3106 489 3170 tarenos
507 3117 631 3170 aureos
648 3099 749 3169 annis
766 3097 914 3190 singulis
931 3095 1173 3193 percipiendos
1177 3149 1422 3168 ........

291 3223 415 3292 Datum
432 3223 552 3312 Rome,
570 3243 662 3295 anno
680 3221 841 3310 MCCllll,
859 3243 978 3294 mense
996 3221 1126 3316 aprilis,
1144 3221 1207 3293 XV
1223 3219 1434 3310 indictionis,
1453 3219 1551 3313 regni
1567 3217 1651 3292 dieti

244 3343 375 3418 domini
399 3345 634 3437 gloriosissimi
660 3345 752 3441 regie
770 3345 901 3436 Sicilie,
922 3345 1070 3418 ducatus
1087 3343 1213 3440 Apulie
1232 3353 1266 3417 et
1286 3343 1500 3440 principatus
1515 3345 1649 3438 Capua,

245 3468 280 3539 in
297 3469 526 3541 Romanorum
549 3469 787 3566 imperatorem
806 3471 921 3562 electi,
943 3491 1034 3542 anno
1048 3466 1140 3566 XV(
1161 3469 1186 3564 ).

474 3773 577 3785 -ν-κναι-
583 3773 1296 3788 “--μι-“-ιι---ῌ
1303 3777 1436 3786 ...ι-..ι-

300 4055 511 4140 Fridericus
542 4083 608 4140 rex
640 4057 812 4166 Siciliae,
836 4057 876 4139 in
908 4057 1166 4142 Romanorum
1197 4059 1463 4170 imperatorem
1494 4061 1655 4168 electus,
1719 4081 1826 4188 ¹353&

248 4189 296 4272 de
314 4191 494 4276 mandato
511 4191 718 4278 Innocentii
740 4218 861 4302 papae
877 4203 916 4275 et
936 4193 986 4276 ad
1004 4192 1317 4302 supplicationem
1335 4194 1515 4302 Stephani
1532 4219 1658 4278 carne·

289 4379 331 4460 (a)
352 4381 417 4456 Slc,
436 4385 544 4444 rectlna
561 4400 631 4446 vero
644 4383 726 4446 XIV.

285 4616 321 4691 (t)
340 4609 448 4677 beista
469 4619 625 4681 laudatione
643 4639 660 4680 a
677 4623 756 4681 l’etro
775 4623 923 4696 mrdinale,
939 4622 1021 4681 iratre
1038 4621 1174 4682 Hannonis
1192 4621 1325 4696 Capuani,
1337 4637 1408 4680 anno
1421 4624 1486 4680 tata
1502 4622 1586 4696 lacu,
1599 4623 1660 4682 ride

251 4715 325 4775 varia
338 4717 524 4792 instmmeula,
536 4719 649 4793 Ibidem,
663 4738 691 4796 p.
707 4724 770 4791 ili,
780 4724 844 4780 243.

330 4817 357 4878 l·
1462 4831 1497 4882 27
