4434 5942
525 473 567 536 es
1027 473 1241 536 rnruunrcr
1265 473 1442 537 snorum
1751 475 1833 560 [sn.
1852 479 1943 544 ram.

527 611 589 704 qni
602 610 676 705 regi
692 609 905 684 familiariter
919 607 1107 696 adheretis,
1127 609 1251 682 nisiex
1266 611 1611 686 oommnniomninm
1627 609 1807 686 voluntate
1825 613 1883 686 vel
1895 633 1942 688 ox

529 735 648 828 maj0ri
676 735 797 808 saltem
813 744 920 828 ‘parte
936 734 1069 808 oonsilii
1093 733 1254 824 sanioris,¹
1283 735 1426 828 aliquod
1457 737 1606 810 arduum
1634 735 1734 830 regul
1766 737 1942 830 negotium

528 859 656 934 audeat
671 859 846 954 explicare
861 858 918 934 vel
933 859 1110 954 percipere
1120 857 1309 952 quiequam
1323 858 1370 931 de
1381 857 1468 934 lisuo
1481 871 1669 956 prmnmat.
1685 862 1789 956 Regis
1801 883 1944 957 quoque

527 983 784 1058 matrimonium
794 983 1214 1073 minimeoonsnmmetnr‚
1226 982 1294 1054 nisi
1307 988 1450 1056 assensn
1461 985 1747 1080 nostroprimitos
1760 987 1937 1080 requisito.

526 1108 737 1204 Pracipimus
756 1108 857 1180 otiam
877 1116 916 1178 nt
940 1107 1058 1178 nullus
1070 1106 1339 1182 ,seomtariomm
1361 1107 1466 1181 eboni
1486 1110 1707 1203 personaliter
1726 1109 1772 1184 de
1789 1112 1938 1186 familia-

527 1233 623 1306 ribus
635 1233 727 1326 regis
745 1230 900 1306 intendat
913 1239 974 1304 aut
990 1229 1125 1325 aliquid
1142 1224 1175 1302 ei
1193 1229 1239 1304 de
1255 1229 1537 1327 fiscopersolvat,
1557 1234 1625 1305 nisi
1641 1234 1804 1308 omnibns
1818 1255 1941 1310 aman-

526 1357 691 1430 tientibns
707 1356 763 1430 vel
780 1354 901 1446 majori
919 1363 953 1428 et
975 1353 1104 1428 saniori
1124 1363 1221 1449 parte
1240 1356 1399 1447 volent03
1422 1377 1484 1452 per
1501 1377 1590 1451 quos
1608 1356 1807 1430 thesaurum
1830 1381 1942 1455 nuper

526 1484 705 1556 inventum
719 1482 884 1575 jubemus
897 1477 1088 1552 studiosius
1100 1477 1266 1552 onsmdiri
1278 1476 1345 1576 (l).
1358 1481 1487 1554 Grauat
1500 1481 1604 1553 etiam
1619 1501 1685 1554 noa
1698 1479 1889 1556 admodum
1906 1493 1942 1558 at

525 1607 704 1704 perturbat
720 1604 819 1699 qnod,
836 1617 917 1680 dam
939 1601 1094 1700 perfidos
1114 1602 1336 1678 llamnnldns
1360 1605 1405 1678 sit
1422 1626 1485 1701 per
1502 1605 1596 1678 vires
1613 1601 1751 1678 nostras
1773 1617 1809 1678 et
1828 1607 1940 1701 regias

523 1731 671 1804 Domino
681 1732 753 1803 Deo
766 1731 912 1802 iaciente
923 1727 1088 1800 oontritns
1097 1737 1132 1800 et
1141 1728 1188 1802 ad
1200 1729 1348 1802 nibilnm
1362 1731 1434 1804 lere
1448 1729 1622 1820 reduetus,
1636 1729 1780 1825 qnidam
1791 1731 1941 1806 ntaudi·

526 1854 643 1926 vimus
661 1853 697 1924 in
717 1851 937 1948 dispendium
955 1851 1047 1946 regis
1064 1861 1099 1924 et
1116 1855 1215 1948 regni
1230 1863 1347 1928 oontra
1364 1853 1471 1928 nostri
1491 1855 1634 1926 formam
1651 1853 1802 1948 mandati
1818 1875 1940 1951 paoem

527 2001 607 2051 oum
619 1999 661 2052 eo
677 1979 789 2050 faeere
804 1977 1005 2066 moliuntur,
1025 1990 1065 2049 nt
1075 1978 1138 2072 qni
1148 1979 1285 2070 jndicio
1298 1979 1391 2072 jaoet
1407 1978 1529 2053 divino
1542 1988 1732 2076 prostratus
1745 1979 1811 2054 beo
1821 1979 1940 2054 dolosa

528 2124 613 2200 paee
621 2104 806 2198 resumptis
816 2104 953 2176 viribus
963 2114 1119 2198 resurgat
1133 2106 1287 2178 oonoitns
1300 2107 1346 2179 ad
1356 2103 1565 2180 nouandum.
1581 2106 1632 2178 Na
1642 2105 1749 2198 igitur
1761 2113 1832 2178 tam
1845 2107 1938 2180 irau-

528 2228 672 2303 dulenta
688 2251 760 2324 pax
774 2250 845 2324 qne
853 2228 1023 2326 pernicies
1036 2227 1177 2306 deberet
1189 2233 1306 2328 potins
1318 2229 1490 2304 nominari
1505 2229 1686 2325 perveniat
1701 2228 1748 2302 ad
1763 2229 1935 2322 allectum,

527 2373 589 2448 per
603 2346 790 2448 apostolica
810 2353 937 2450 scripta
959 2353 1148 2426 districtius
1167 2353 1364 2426 inhibemus
1381 2361 1554 2450 qnatenus
1572 2375 1674 2428 nemo
1688 2355 1939 2450 cujuscumque

525 2475 732 2550 conditionis
741 2485 804 2550 aut
814 2477 959 2576 ordinis,
972 2477 1017 2552 de
1028 2479 1119 2552 clero
1128 2479 1184 2552 vel
1202 2467 1343 2574 populo,
1362 2499 1482 2574 paoem
1501 2455 1701 2571 hujusmodi
1716 2499 1796 2550 enm
1815 2479 1939 2562 eodem
2043 2551 2047 2558 ,

523 2599 655 2697 perfido
673 2601 786 2675 lacere
802 2599 856 2676 vel
881 2601 969 2675 inire
986 2612 1181 2697 presumat,
1202 2591 1325 2677 sedus
1342 2624 1389 2676 ex
1406 2602 1526 2698 majori
1547 2609 1644 2697 parte
1662 2603 1734 2695 jam
1753 2601 1866 2675 victus
1891 2625 1940 2678 ex

522 2734 594 2800 toto
619 2727 799 2817 vincatur,
825 2701 943 2800 eontra
963 2727 1078 2824 ipsum
1100 2736 1223 2819 agatur
1251 2719 1439 2800 fortiter‘et
1461 2723 1659 2822 prudenter.
1680 2727 1837 2800 Ceterum
1855 2728 1939 2823 qnia

522 2873 594 2948 pax
614 2861 650 2925 et
675 2852 906 2948 tranquillitas
923 2852 997 2947 regi
1023 2861 1058 2926 et
1081 2873 1190 2946 ragno
1213 2829 1457 2946 superomnia
1480 2827 1848 2949 expedire'probatnr,
1873 2873 1937 2924 vo·

525 2977 642 3050 lnmns
662 2987 698 3052 et
720 2977 928 3052 mandamns
955 2988 994 3050 ut
1018 2978 1047 3050 si
1068 2978 1229 3078 Saraosni
1253 2977 1482 3054 sufficientem
1509 2977 1718 3074 prostiterint
1729 2976 1939 3089 ‚loantionem

524 3101 621 3198 qnod
639 3099 789 3174 inimicis
806 3099 898 3196 ra'gis
921 3101 966 3175 de
984 3111 1096 3176 cetero
1117 3124 1187 3178 non
1210 3099 1399 3181 adhereant
1420 3111 1454 3178 et
1471 3101 1507 3174 iu
1527 3103 1602 3206 ejus
1622 3099 1785 3202 fidelitate
1802 3123 1845 3174 ao
1868 3099 1938 3174 ob-

524 3226 646 3322 sequio
668 3225 758 3298 firmi
780 3234 816 3300 at
833 3225 973 3300 stabiles
996 3201 1234 3323 perseverent,
1254 3247 1341 3323 pane
1365 3247 1446 3298 enm
1474 3225 1559 3322 ipsis
1583 3227 1716 3320 integra
1737 3227 1935 3314 reformata,

523 3373 584 3426 eos
601 3353 638 3424 in
655 3353 801 3447 gratiam
824 3351 961 3447 pietatis
982 3351 1078 3446 regie
1093 3347 1283 3443 revocetis,
1305 3345 1439 3424 eisdem
1454 3348 1634 3424 Saraeenis
1650 3350 1798 3445 aliisque
1815 3348 1938 3445 prodi·

524 3477 658 3550 toribus
680 3478 779 3572 regni
799 3477 877 3550 sine
894 3475 1110 3562 dubitatione
1131 3473 1270 3550 seilonis
1297 3469 1450 3572 qood¹·sl
1475 3472 1589 3549 forsan
1611 3474 1667 3548 bis
1687 3483 1723 3548 et
1743 3461 1820 3547 aliis
1840 3495 1938 3546 man·

523 3601 614 3674 datis
633 3603 759 3676 nustria
773 3623 845 3697 que
856 3620 923 3698 pro·
938 3602 1030 3694 rogis
1043 3601 1173 3674 bonore
1185 3601 1354 3696 regniqm
1368 3603 1482 3675 mlute
1495 3600 1756 3673 transmittimus
1769 3598 1939 3672 nonunira

522 3727 807 3824 presumpserint,
827 3747 891 3800 uos
902 3726 953 3800 ‘ad
966 3725 1085 3800 amum
1099 3727 1320 3800 rebellionem
1336 3735 1372 3799 et
1383 3725 1591 3822 sup'erblam'
1600 3724 1832 3800 edomandam
1850 3743 1935 3796 oon·

522 3851 670 3926 stantius
694 3851 929 3946 noningentos,
950 3861 984 3925 et
1008 3852 1183 3948 principes
1208 3852 1311 3925 etium
1344 3851 1548 3926 christianos
1576 3850 1639 3945 qni
1662 3848 1709 3922 ad
1740 3847 1938 3922 subsidium

523 3979 627 4051 Terre
644 3979 768 4050 Sanote
785 3977 966 4070 festinant,
988 3978 1025 4050 in
1038 3999 1158 4051 eornm
1174 3969 1424 4069 mutationem,
1445 3985 1584 4050 anotme
1603 3975 1764 4062 Domino,
1782 3979 1938 4070 potenter

522 4123 706 4196 assurgere
730 4102 915 4196 taciemns3
942 4103 1039 4177 salva
1061 4103 1097 4174 in
1122 4103 1285 4176 omnibns
1303 4100 1511 4196 supradietis
1533 4098 1735 4174 anctoritate
1758 4095 1862 4192 legati
1879 4093 1937 4168 vel

522 4231 598 4324 ejus
615 4229 671 4301 oni
689 4228 785 4302 vines
800 4238 935 4302 nostras
949 4227 1156 4303 duxerimus
1170 4225 1446 4328 oommittendas.

559 4537 597 4612 (t)
616 4539 802 4598 verisimiliter
819 4540 907 4615 agitur
927 4538 962 4596 de
982 4539 1110 4598 thesauro
1123 4535 1151 4594 ln
1167 4535 1333 4612 supellectile
1346 4533 1492 4595 mrmdti
1513 4531 1609 4628 devicti
1628 4535 1736 4606 reperto
1754 4535 1782 4588 et
1800 4543 1863 4586 oum
1880 4525 1939 4585 aliis

523 4635 618 4709 spoliis
628 4637 791 4697 Panormum
803 4642 948 4713 reportato.
