4382 5946
535 513 596 578 ³02
1034 515 1251 578 ruinnaldi
1274 515 1450 582 succum
1753 517 1833 597 [An.
1852 519 1937 582 1214

536 648 714 744 hospitalis
728 651 851 722 Sancte
864 649 972 724 liaris
986 651 1257 724 lerosolimitane
1273 651 1561 726 Th0utonioomm
1577 653 1615 726 in
1632 653 1838 748 Thuringia,
1852 675 1939 750 pro-

535 773 689 868 prietatis
704 773 801 848 titolo
819 784 984 870 perpetuo
1005 775 1262 872 possidendam.
1280 776 1323 848 lit
1339 785 1380 848 nt
1398 776 1464 850 hec
1486 774 1632 851 donacio
1650 783 1815 873 perpetue
1830 775 1938 851 firmi-

536 897 614 970 tatis
632 897 738 970 robur
758 897 929 989 obtineat,
957 907 1149 995 presentem
1169 899 1315 972 litteram
1339 897 1414 974 lieri
1435 908 1470 974 ct
1494 899 1589 974 bulla
1613 899 1802 994 maiestatis
1823 909 1939 974 nostre

531 1021 699 1113 jnssimns
713 1022 884 1118 insigniri.

582 1145 694 1237 llnjus
715 1145 765 1218 rei
786 1153 889 1219 testes
911 1155 992 1218 sunt
1009 1145 1170 1219 Albertus
1187 1145 1498 1242 Magdebnrgensis
1513 1147 1805 1244 archiepiscopus,
1825 1147 1937 1242 linge-

535 1267 678 1341 lhardns
704 1269 886 1364 episcopus
913 1270 1204 1364 Nnmburgensis‚
1225 1269 1408 1344 Ottakarus
1423 1293 1487 1346 rex
1503 1271 1684 1364 Bolremie,
1706 1271 1938 1348 Theodericus

535 1391 688 1465 marchio
702 1393 897 1485 dionensis,
915 1413 1031 1468 comes
1046 1391 1203 1466 Adoldus
1212 1393 1259 1466 de
1271 1393 1586 1490 Schanwinbnrglr,
1601 1392 1809 1468 Godeliidus
1823 1416 1938 1470 comoe

536 1517 581 1590 de
603 1517 805 1612 Spanheim,
829 1517 1023 1590 Gnntherns
1046 1539 1161 1590 comes
1188 1518 1224 1589 in
1249 1518 1513 1614 Keremberglr,
1538 1517 1733 1592 Fridericus
1755 1540 1870 1594 comm
1893 1521 1938 1595 dc

536 1639 779 1738 Bychelingin,
797 1639 967 1716 liudolfus
987 1642 1033 1715 do
1048 1639 1228 1729 Altestete,
1249 1641 1458 1718 ludewicus
1476 1644 1521 1718 de
1538 1643 1809 1738 Wangenheim‚
1831 1652 1867 1717 et
1880 1644 1937 1718 ulii

532 1766 767 1860 quamplures.
970 1841 977 1858 ,

582 1891 706 1961 ilatum
729 1887 824 1984 apud
845 1889 994 1982 Egram,
1017 1911 1109 1964 anno
1134 1889 1307 1964 dominice
1332 1890 1574 1965 incarnationis
1598 1891 1811 1985 Mecoxffl,
1838 1893 1936 1966 nonis

530 2013 639 2104 junii,
660 2033 843 2108 regnorum
861 2024 1054 2088 nostrorum
1069 2015 1213 2088 Romani
1230 2016 1401 2108 secundo,
1420 2015 1535 2090 Sicilie
1549 2037 1632 2090 vero
1646 2017 1764 2090 wi.

776 2325 1429 2337 ffl——nu-——n—-o-n———u-
1437 2327 1480 2336 uo·-
1488 2325 1688 2336 —n--n—Q·

426 2636 492 2721 „¹¹¹”
585 2601 817 2708 Friderious,
831 2600 1091 2685 Romanorum
1117 2623 1204 2706 rex,
1219 2599 1491 2682 monasterium
1511 2597 1745 2683 Waltsassen
1764 2595 1935 2680 situmin

532 2734 686 2844 praedio
710 2759 779 2816 suo
806 2733 847 2814 in
875 2733 1076 2842 specialem
1095 2757 1206 2815 suam
1223 2731 1492 2842 protectionem
1510 2731 1684 2840 suscipit,
1705 2730 1836 2840 illique
1853 2731 1936 2840 pri-

533 2865 670 2975 vilegia
705 2875 986 2948 antecessorum
1021 2888 1197 2966 suorum,
1228 2864 1267 2944 in
1296 2863 1429 2972 primis
1460 2863 1700 2974 privilegium
1728 2863 1847 2972 patris
1878 2863 1935 2945 sui

533 2999 683 3082 Henrici
700 2998 936 3107 imperatoris
955 3021 1069 3105 super
1085 2995 1259 3079 libertate
1274 2993 1324 3078 ab
1338 2996 1533 3080 advocatia
1549 3005 1587 3080 et
1604 3021 1628 3078 a
1640 2995 1656 3105 j
1661 2995 1841 3078 udiciaria
1857 3019 1933 3104 po-

534 3141 684 3236 testate,
706 3141 797 3238 etc,
816 3131 1035 3214 renouando
1052 3127 1264 3213 confirmat.

613 3347 710 3424 (Edit.
725 3365 774 3428 ap.
788 3347 916 3409 Mortuos
932 3345 1035 3423 Boion,
1050 3353 1075 3408 t.
1094 3343 1355 3423 xxxl,pnrs1·,
1378 3359 1407 3422 p.
1430 3351 1501 3418 485,
1524 3359 1563 3404 ox
1586 3341 1744 3420 dlplomato
1766 3341 1931 3403 authentico

650 3455 780 3516 Heinricl
801 3453 1085 3533 Lnxemlturgensis,
1103 3451 1173 3512 dato
1195 3453 1227 3510 ln
1248 3449 1430 3529 Nuremltoeg
1450 3458 1469 3511 4
1486 3449 1554 3527 tulli
1577 3456 1665 3511 ttott.
1682 3481 1723 3496 —
1741 3447 1932 3510 ilementum

650 3566 750 3622 anum
762 3563 793 3622 ln
805 3559 970 3635 Bnnscnro,
988 3553 1124 3621 ctmsot.
1138 3563 1294 3620 mter.
1312 3553 1420 3632 Geron,
1432 3573 1465 3634 p.
1481 3558 1565 3631 2⁴⁷.)

583 3743 776 3818 Friderions
789 3745 975 3833 secundus,
990 3745 1111 3820 divina
1126 3745 1263 3819 favente
1279 3743 1460 3817 clementia
1474 3743 1703 3816 Romanorum
1715 3763 1791 3832 rex,
1801 3761 1932 3836 semper

535 3877 722 3964 angustus,
740 3879 775 3942 et
791 3891 855 3942 rex
872 3869 1000 3943 Sicilie.
1022 3869 1107 3941 Cum
1125 3889 1228 3941 omne
1244 3867 1374 3941 donum
1393 3868 1583 3964 perlectum
1598 3866 1781 3940 desursum
1795 3865 1841 3937 sit
1856 3863 1932 3937 des·

534 3992 686 4067 cendens
703 4015 725 4066 a
742 4001 838 4090 patre
859 3993 1047 4084 luminum,
1067 3992 1128 4088 qui
1152 3992 1280 4066 idcirco
1298 3990 1406 4086 gloria
1421 3999 1456 4063 et
1473 3989 1604 4064 honore
1625 3990 1816 4062 liomanum
1836 4007 1932 4060 coro-

532 4119 629 4192 navit
652 4117 833 4214 imperium
858 4127 898 4191 ut
918 4117 963 4192 do
985 4116 1199 4214 plenitudine
1220 4119 1296 4210 ejus
1318 4137 1438 4190 omnes
1461 4115 1648 4212 accipiant,
1673 4123 1710 4188 et
1729 4113 1795 4187 sub
1811 4111 1933 4184 umbra

533 4245 641 4340 ipsius
660 4252 844 4340 pascantur
866 4243 1022 4318 homines
1042 4263 1123 4317 cum
1136 4243 1321 4336 jumentis,
1341 4251 1377 4316 et
1397 4241 1613 4338 requiescant
1633 4239 1791 4314 volucres
1812 4237 1876 4310 celi
1897 4235 1932 4307 in

532 4371 636 4442 ramis
651 4371 744 4462 ejus;
767 4380 947 4466 eapropter
966 4389 1030 4442 nos
1046 4368 1108 4464 qni
1127 4376 1219 4442 mnte
1239 4365 1452 4440 celsitudinis
1468 4366 1605 4438 culmffl
1621 4361 1852 4452 ascendimus,
1874 4381 1934 4432 ne-

533 4513 627 4566 cesse
651 4502 763 4567 estut
786 4493 963 4590 redempto
991 4492 1036 4566 ab
1060 4501 1178 4566 eterna
1197 4490 1362 4564 servitute
1387 4488 1508 4564 Christi
1525 4487 1695 4584 sangnine
1718 4484 1860 4582 populo,
1887 4482 1932 4556 ab

532 4617 625 4691 omni
644 4639 769 4712 genere
787 4617 935 4692 violente
953 4615 1185 4714 oppressionis
1201 4617 1295 4693 omni
1313 4615 1542 4692 ecclesiastico
1559 4612 1674 4690 ordini
1701 4631 1761 4708 per
1776 4606 1933 4704 gladmm
