4378 5954
536 535 576 598 8ss
1043 531 1262 594 Fatothtct
1286 530 1462 596 sucurtot
1768 538 1846 624 [Arri.
1866 541 1956 608 thot.

618 665 743 745 (Inedlt.
754 683 792 726 ex
805 665 942 744 originali
954 665 987 724 tn
999 664 1079 724 arch
1095 665 1314 746 Calemgeronts
1327 667 1413 728 noble
1424 683 1444 729 a
1455 667 1499 735 ll·
1514 667 1617 730 Amori
1630 673 1865 747 communicem
1877 675 1956 736 unde

657 773 768 851 pendet
779 772 909 850 sigillum
922 787 1005 832 cerae
1015 770 1149 834 rubraee
1161 772 1220 834 dlis
1231 775 1333 834 sericis
1345 772 1430 834 mabri
1443 773 1560 836 eulorlc.
1575 775 1729 838 Memorat
1748 783 1779 840 et
1791 785 1956 864 1111111111

659 896 708 956 ap.
724 879 859 956 111111,
876 875 1047 959 Ghronclop.
1062 874 1139 938 della
1152 876 1270 954 Sicilia,
1286 896 1317 958 p.
1338 888 1411 954 111,
1427 897 1467 942 ex
1479 874 1556 940 libro
1572 889 1602 942 1·
1614 883 1746 962 privileg,
1762 885 1844 946 civit.
1864 887 1956 948 Cala-

659 991 769 1063 111111,
783 985 833 1044 iol.
850 987 911 1060 11.)

586 1169 788 1244 Fredericue
801 1170 864 1243 Dei
879 1170 988 1264 gratia
1000 1190 1066 1243 rex
1083 1167 1215 1262 Sicilie,
1240 1170 1388 1244 ducatus
1398 1170 1524 1268 Apulis
1541 1180 1576 1246 et
1592 1173 1805 1270 principatus
1821 1177 1951 1273 capue.

536 1295 643 1390 Regio
658 1293 845 1388 majestatis
859 1294 968 1387 gloria
982 1293 1215 1389 multipliciter
1229 1293 1375 1368 laudum
1388 1295 1552 1370 accrescit
1563 1296 1671 1370 titulis
1688 1300 1856 1394 quociens
1871 1299 1954 1375 iide-

535 1419 621 1491 lium
637 1418 804 1513 obsequia
820 1417 926 1512 digna
940 1416 1185 1490 beneficiorum
1199 1419 1476 1514 compensatione
1489 1429 1690 1516 pensantur.
1706 1422 1756 1497 lla
1773 1425 1866 1498 enim
1884 1447 1954 1520 que

535 1543 572 1616 in
590 1541 748 1616 subditos
763 1540 932 1616 beneficia
955 1543 1189 1634 conteruntur,
1206 1543 1409 1637 dignitatem
1426 1546 1593 1642 ampliant
1607 1547 1738 1641 regiam
1754 1557 1790 1621 et
1803 1549 1952 1624 fidelita-

535 1677 604 1740 tem
624 1666 779 1740 fidelium
796 1667 950 1738 efficiunt
964 1667 1218 1740 inconcussam.
1234 1666 1387 1764 ldeoque
1398 1689 1462 1742 uos
1474 1669 1690 1744 attendentes
1705 1671 1904 1746 fidelitatem
1917 1685 1952 1749 et

538 1791 755 1865 devotionem
770 1813 875 1884 quam
893 1812 958 1864 vos
975 1792 1125 1864 universi
1142 1792 1300 1866 homines
1313 1793 1584 1888 Calatageronis‚
1605 1793 1725 1870 fideles
1741 1799 1860 1891 nostri,
1880 1799 1952 1873 do-

536 1915 631 1988 mino
654 1915 848 2010 imperatori
878 1916 1025 1988 ilenrico
1055 1925 1091 1988 et
1119 1916 1259 1990 domine
1287 1917 1496 2014 imperatrici
1525 1918 1728 1994 Constencie
1751 1923 1950 2017 parentibus

537 2041 662 2115 nostris
677 2040 785 2112 ielicis
802 2039 966 2112 memoria
980 2040 1201 2130 exhibuistis,
1217 2062 1353 2114 necnon
1369 2042 1536 2116 habentes
1549 2065 1611 2138 pre
1623 2045 1732 2117 oculis
1744 2044 1825 2120 fidei
1838 2058 1951 2122 vestre

535 2166 718 2261 puritatem
732 2174 767 2237 et
779 2164 1002 2260 acceptabilia
1014 2165 1261 2260 obsequiaque
1275 2174 1389 2239 nostre
1404 2167 1601 2240 celsitudini
1615 2169 1782 2242 exhibere
1796 2170 1949 2244 studuis-

535 2290 580 2363 tis
596 2299 665 2363 tam
680 2289 826 2362 fideliter
843 2311 950 2384 quam
968 2289 1093 2362 devote
1112 2299 1147 2362 et
1170 2290 1206 2362 in
1230 2292 1383 2363 futurum
1403 2293 1583 2366 credimini
1598 2293 1805 2385 exhibituri,
1827 2295 1872 2369 de
1885 2317 1950 2370 so-

534 2415 595 2488 lita
609 2414 820 2488 liberalitatis
838 2423 953 2488 nostre
973 2413 1208 2490 munificentia
1232 2407 1453 2490 concedimus
1472 2426 1507 2490 et
1524 2417 1767 2493 confirmamus
1792 2422 1892 2495 robis
1915 2431 1950 2496 et

534 2539 659 2612 vestris
677 2538 864 2612 heredibus
886 2538 1143 2636 inperpetuum
1161 2560 1281 2613 omnes
1300 2540 1409 2614 bonos
1426 2561 1512 2614 1111
1526 2543 1843 2618 etconsuetudines
1864 2567 1950 2620 ves-

536 2673 604 2737 tras
616 2672 651 2736 et
668 2683 788 2736 omnes
802 2663 992 2754 libertates,
1009 2663 1247 2736 concessiones
1263 2673 1298 2736 et
1316 2663 1499 2759 privilegia
1514 2685 1584 2758 que
1596 2667 1698 2740 vobis
1715 2667 1849 2740 indulta
1868 2678 1949 2742 suut

533 2788 712 2864 edomino
726 2809 808 2882 rege
822 2787 969 2883 hogerio
993 2809 1060 2861 avo
1086 2797 1214 2879 nostro,
1234 2809 1317 2883 rege
1341 2786 1523 2862 Guillelmo
1551 2789 1662 2885 primo
1686 2801 1721 2864 et
1744 2792 1899 2866 secundo
1914 2801 1948 2866 et

532 2913 730 2987 memoratis
747 2911 888 2986 domino
907 2912 1112 3008 imperatore
1136 2922 1170 2986 et
1196 2912 1337 2986 domina
1363 2913 1578 3008 imperatrice
1603 2915 1803 3009 parentibus
1824 2917 1948 2990 nostris

533 3037 649 3110 inclite
661 3035 919 3128 reeordationis,
932 3045 971 3108 ut
982 3037 1033 3108 eie
1048 3057 1111 3110 vos
1125 3045 1161 3108 et
1174 3035 1320 3109 heredes
1333 3037 1439 3109 vestri
1453 3037 1560 3110 libere
1572 3037 1731 3110 utamini.
1744 3039 1887 3134 lnsuper
1901 3040 1948 3114 de

534 3168 698 3234 consueta
709 3158 944 3233 munificentia
957 3169 993 3232 et
1007 3159 1164 3252 largitate
1180 3169 1296 3233 nostra
1310 3161 1532 3234 concedimus
1544 3170 1579 3233 et
1591 3159 1834 3234 confirmamus
1847 3164 1947 3237 vobis

532 3293 568 3357 11
583 3283 707 3357 vestris
721 3283 908 3356 heredibus
925 3283 963 3354 in
978 3293 1184 3380 perpetuum
1203 3291 1243 3354 ut
1265 3283 1311 3356 de
1334 3281 1491 3356 ducentis
1513 3282 1767 3378 quinquaginta
1790 3285 1946 3358 marina-

532 3407 593 3480 riis
607 3427 695 3502 quos
709 3407 887 3480 annuatim
903 3406 1007 3479 eratis
1022 3407 1178 3480 consueti
1190 3405 1274 3480 dare
1289 3407 1326 3477 iu
1340 3405 1480 3480 servitio
1495 3416 1625 3498 nostro,
1637 3427 1706 3479 nou
1724 3407 1791 3480 nisi
1807 3417 1944 3482 centum

483 3567 487 3576 ·
531 3531 783 3626 quinquaginta
799 3529 1002 3605 marinarios
1022 3531 1200 3604 annuatim
1224 3529 1375 3604 tribuere
1398 3529 1444 3604 de
1467 3538 1579 3603 cetero
1596 3531 1798 3622 teneamini,
1825 3533 1946 3606 remit-

530 3665 640 3728 tentes
656 3654 756 3727 vobis
773 3663 809 3726 et
816 3651 942 3726 'vestris
955 3653 1143 3727 heredibus
1158 3653 1336 3728 annuatim
1353 3653 1555 3726 marinarios
1569 3664 1720 3742 centum,
1738 3665 1772 3728 et
1785 3654 1868 3728 inde
1883 3677 1944 3729 vos

531 3788 566 3852 et
580 3778 726 3852 heredes
741 3777 847 3850 vestri
865 3777 959 3850 omni
980 3786 1134 3881 tempore
1155 3777 1272 3866 liberi,
1291 3777 1442 3850 absoluti
1458 3785 1494 3848 et
1510 3776 1716 3874 indempnes
1742 3801 1943 3875 permanea-

531 3902 587 3974 tis.
603 3901 677 3974 lliis
693 3899 798 3994 igitur
814 3899 976 3972 omnibus
994 3901 1084 3972 sicut
1099 3900 1287 3995 prescripta
1301 3908 1383 3974 1111
1395 3899 1497 3974 vobis
1511 3901 1757 3997 prenominatis
1773 3903 1944 3976 universis

529 4024 729 4098 hominibus
742 4003 994 4118 Calamqemnis
1008 4023 1170 4098 fidelibus
1185 4024 1310 4097 nostris
1327 4033 1363 4098 et
1379 4023 1567 4097 heredibus
1579 4027 1704 4100 vestris
1721 4028 1893 4100 concessis
1909 4036 1943 4100 et

530 4149 756 4242 confirmatis,
775 4149 949 4221 universis
964 4149 1062 4244 regni
1077 4149 1183 4220 nostri
1198 4147 1360 4222 fidelibus
1376 4169 1518 4245 presens
1534 4150 1754 4245 privilegium
1769 4151 1943 4246 inspectu·

530 4276 576 4348 ris
603 4274 813 4371 precipimus
831 4283 866 4346 et
888 4273 955 4346 sub
979 4273 1123 4348 obtentu
1147 4273 1257 4366 gratie
1280 4281 1396 4346 nostre
1411 4273 1636 4368 prohibemus
1652 4283 1826 4369 quatenus
1849 4273 1942 4348 nulla

528 4399 670 4471 omnino
682 4420 828 4494 persona
843 4399 911 4472 alta
928 4399 984 4472 vel
998 4397 1155 4490 humilis,
1172 4395 1401 4470 ecclesiastica
1416 4418 1479 4470 seu
1496 4397 1678 4488 secularis,
1692 4397 1738 4472 de
1751 4406 1864 4480 cetero
1879 4419 1942 4472 vos

528 4524 586 4596 rel
601 4521 748 4596 heredes
759 4531 892 4596 vestros
907 4521 1038 4596 exinde
1051 4530 1231 4618 presumat·
1240 4521 1459 4616 aliquatenus
1473 4523 1667 4596 molestare.
1681 4522 1719 4594 Si
1731 4521 1812 4617 quis
1826 4531 1941 4595 autem

529 4646 648 4720 venire
665 4645 882 4720 attentaverit
897 4653 1015 4720 contra
1035 4646 1103 4720 hoc
1123 4653 1239 4720 nostre
1257 4644 1448 4720 serenitatis
1473 4643 1628 4720 edictum
1644 4653 1705 4718 aut
1726 4645 1760 4718 ei
1782 4665 1872 4718 ausu
1889 4651 1941 4718 te·
