4382 5946
237 553 335 610 lucrer.
351 548 396 625 2]
684 541 882 603 HISTORIA
905 539 1194 602 ntvtottrttlclt.
1590 532 1650 593 315

240 687 322 758 berc
338 681 560 770 marscalcus,
581 678 781 750 Waltherns
797 677 843 752 de
859 679 998 774 Schipte
1015 678 1197 774 pincerna,
1217 675 1350 748 Utricus
1367 673 1413 747 ds
1428 669 1646 745 llincenberc

239 807 461 896 camerarius,
480 804 590 877 etalii
608 791 866 898 quamplures.=

288 933 432 1025 Signum
463 927 595 1000 domini
623 924 787 999 Friderici
817 925 962 1000 secundi
989 926 1219 998 Romanorum
1245 923 1337 1017 regis
1368 917 1584 994 invictissimi
1612 923 1648 990 ot

240 1056 380 1152 glorioei
394 1054 487 1148 regis
504 1052 631 1124 Sicilie.

288 1183 363 1274 Ego
387 1177 565 1251 Ganradns
589 1176 754 1248 distensis
781 1176 984 1271 episcopus,
1007 1175 1193 1270 imperialis
1211 1175 1289 1247 aule
1306 1171 1548 1261 cancellarius,
1570 1169 1648 1241 vice

242 1303 372 1376 domini
390 1299 507 1373 Sitridi
524 1299 798 1393 moguntinensis
815 1298 1082 1395 archiepiscopi,
1102 1297 1205 1371 tonus
1221 1294 1402 1369 Germanic
1417 1291 1647 1364 archicancel-

242 1429 318 1502 larii
334 1425 535 1518 recognovi.

289 1552 376 1624 Acta
397 1559 478 1622 sunt
494 1550 558 1621 hec
573 1569 664 1621 anno
683 1547 930 1621 incarnationis
952 1546 1126 1619 dominice
1143 1544 1370 1635 ttucntttt,
1391 1541 1580 1615 indictione
1595 1541 1642 1632 ll,

205 1765 211 1774 ι
243 1697 336 1750 anno
350 1677 447 1770 regni
464 1677 540 1768 ejus
551 1671 706 1746 secundo
722 1675 758 1744 in
773 1673 930 1768 imperio,
946 1673 982 1743 in
998 1671 1115 1744 Sicilia
1126 1671 1203 1742 XVI
1217 1667 1304 1764 (sic).

292 1803 415 1873 Datum
432 1799 468 1869 in
486 1797 607 1870 castris
625 1817 732 1892 prope
746 1796 919 1869 Iuliacum
933 1795 998 1892 (l),
1020 1796 1121 1867 nonis
1139 1793 1355 1890 septembris.

476 2111 1173 2122 unffi—nm
1177 2111 1200 2119 .-
1204 2107 1433 2118 ..ι-..Μ

298 2401 529 2506 Fridericus,
562 2403 822 2486 Romanorum
853 2427 939 2504 rex,
974 2399 1201 2482 Gerichuino
1232 2397 1281 2479 de
1311 2397 1440 2507 Sinzig
1469 2396 1655 2505 promittit
1678 2410 1706 2454 ¹¹·
1721 2408 1857 2504 efflei

246 2537 351 2650 qnod
375 2563 495 2649 quum
521 2537 688 2646 primum
711 2545 880 2618 castrum
901 2535 1120 2618 Landscron
1142 2531 1439 2640 recuperaverit,
1468 2529 1652 2639 palatium
1678 2516 1858 2622 effide.

247 2671 360 2754 castri
386 2681 424 2754 et
448 2679 617 2752 castrum
648 2669 775 2776 ipsum
801 2668 836 2750 ei
862 2666 1152 2750 custodiendum
1179 2665 1407 2770 committet,
1423 2661 1654 2746 confirmans

247 2804 402 2913 insuper
423 2804 546 2886 cidem
568 2802 757 2911 quaedam
779 2801 881 2884 bona
907 2801 947 2881 in
965 2798 1194 2882 Westhumb
1210 2809 1249 2882 et
1265 2797 1432 2880 officium
1449 2797 1489 2877 in
1509 2795 1650 2906 Sinzig.

329 3019 427 3092 (End.
441 3020 555 3092 Troes,
575 3014 770 3098 Watptatr'o,
785 3027 822 3079 rs
834 3021 904 3096 jun.
920 3025 1007 3090 raas,
1027 3034 1057 3094 p.
1076 3025 1144 3086 roa,
1162 3032 1202 3076 ax
1215 3015 1410 3094 ttmotmgertt
1424 3014 1522 3094 lass.)

299 3209 504 3294 Fridericns,
516 3210 745 3282 Romanorum
763 3229 827 3280 rex
844 3229 980 3302 semper
993 3215 1220 3300 angustus,et
1233 3229 1295 3278 rex
1307 3205 1486 3278 Sicilie.Ut
1500 3203 1654 3277 fidelium

249 3342 442 3406 nostrornm
460 3335 551 3405 circa
568 3354 632 3405 nos
647 3333 759 3426 magis
777 3331 864 3406 fides
882 3341 1009 3403 crescat
1029 3339 1062 3404 ct
1085 3329 1236 3419 devotio,
1254 3331 1385 3422 jnstnm
1403 3339 1604 3424 reputamus
1620 3339 1656 3402 et

250 3458 373 3530 rationi
391 3467 660 3531 consentaneum
675 3468 714 3528 nt
729 3477 792 3528 nos
807 3457 915 3550 gratia
934 3465 1060 3546 nostra,
1072 3455 1273 3528 muneribus
1290 3464 1325 3526 et
1340 3452 1517 3526 beneficiis
1529 3453 1580 3525 sic
1596 3475 1657 3527 eos

251 3583 496 3677 preveniamus
523 3595 562 3653 nt
588 3583 654 3677 ipsi
685 3584 775 3654 circa
801 3582 968 3675 obsequia
992 3589 1107 3652 nostra
1129 3581 1353 3652 ferventiores
1378 3576 1528 3652 debeant
1553 3579 1658 3652 inve-

252 3707 330 3778 niri.
349 3709 421 3780 Hac
437 3729 522 3780 sane
535 3707 808 3779 consideratione
826 3707 906 3796 tibi,
922 3706 1127 3778 Gerichnino
1146 3704 1190 3777 de
1201 3703 1356 3794 Zinsich,
1372 3704 1440 3775 sub
1458 3712 1574 3776 nostra
1589 3703 1659 3778 fide

251 3831 347 3924 regia
368 3853 473 3926 quam
495 3852 558 3926 par
584 3831 730 3926 gratiam
750 3831 812 3903 Dei
829 3854 1008 3925 nunqnam
1033 3831 1241 3904 violavimus
1265 3852 1505 3925 necunquam
1531 3831 1661 3904 violare

254 3953 483 4046 intendimus,
502 3953 567 4028 hec
585 3955 814 4051 promittimus
836 3955 932 4050 qnod
949 3977 1013 4030 nos
1035 3978 1098 4050 pro
1119 3957 1188 4028 illis
1214 3955 1296 4028 fidei
1322 3967 1358 4028 et
1382 3955 1576 4028 devotionis
1600 3966 1659 4028 tue

253 4079 429 4174 obsequiis
445 4101 531 4174 que,
552 4089 592 4151 nt
607 4103 628 4153 a
642 4081 761 4152 multis
777 4079 938 4154 fidelibus
955 4081 1078 4154 nostris
1092 4083 1260 4154 veraciter
1277 4081 1521 4172 intelleximus,
1536 4081 1661 4155 dilecto

255 4213 376 4298 patrum
395 4213 510 4276 nostro
531 4203 689 4300 Philippo
712 4203 860 4299 glorioso
882 4207 1111 4278 Romanorum
1136 4206 1210 4296 regi
1237 4205 1362 4279 diebus
1379 4205 1451 4276 vita
1468 4225 1531 4276 sne
1557 4200 1659 4277 exhiss

258 4374 367 4386 ——-

291 4486 328 4560 (t)
348 4488 552 4546 «Inmtiritate
562 4487 677 4546 Sanctae
687 4489 788 4548 Har'ms
801 4491 830 4563 (t
843 4489 924 4565 sept.)
935 4489 1065 4547 luliacum
1077 4489 1113 4546 ab
1125 4488 1324 4562 exercitnregis
1334 4493 1363 4544 et
1373 4487 1662 4547 leodiensioltsidstur

257 4607 271 4638 a
287 4593 315 4643 et
325 4588 486 4645 dorestatn.
497 4589 593 4646 Comes
605 4589 764 4648 Juliacensis
776 4589 833 4662 regi
844 4589 1008 4665 pacificatam.
1018 4589 1197 4646 walerannus
1210 4594 1238 4645 et
1249 4603 1341 4646 comes
1351 4588 1386 4645 de
1397 4587 1487 4646 uaria
1496 4593 1525 4646 et
1534 4588 1569 4646 dc
1576 4587 1665 4648 Cusini

259 4704 272 4736 ι
286 4699 380 4758 pacem
393 4701 455 4746 cum
468 4701 531 4761 rege
542 4687 652 4746 iaciunt.
664 4689 806 4746 annam.
820 4690 904 4748 lmon.
919 4705 963 4763 ap.
976 4689 1127 4757 nomam,
1141 4689 1256 4754 Fontes,
1271 4694 1292 4743 t
1305 4686 1345 4756 ll,
1357 4705 1385 4761 p.
1399 4689 1462 4744 38³.
