4434 5942
1060 559 1276 622 unlnnnlcl
1302 560 1475 624 SECUNDI
1781 565 1863 644 [Anu.
1883 565 1969 632 ml.

786 842 1726 856 ——m-——a—-m-—n—Wffi

497 1236 506 1261 ‚
612 1131 824 1215 Fridericus
850 1157 917 1213 rex
945 1129 1092 1214 Siciliae
1123 1157 1193 1240 pro
1226 1131 1344 1242 gratis
1375 1139 1413 1214 et
1443 1131 1604 1242 acceptis
1631 1133 1791 1217 servitiis
1822 1133 1972 1248 Rogerii

499 1289 506 1303 ·
559 1266 779 1350 Catanensis
793 1265 977 1375 episcopi,
998 1263 1176 1348 ecclesiae
1193 1265 1394 1348 Catanensi
1416 1265 1589 1348 concedit
1610 1275 1648 1350 et
1670 1265 1870 1350 confirmat
1882 1267 1973 1379 jura

557 1409 595 1484 et
611 1399 775 1484 rationes
793 1400 962 1511 integras
980 1397 1141 1482 Sanctae
1165 1397 1307 1486 Mariae
1323 1398 1372 1482 de
1389 1399 1687 1512 Roboregrcsso,
1706 1401 1972 1488 molendinum

557 1533 662 1644 qnod
678 1533 816 1616 dicitnr
833 1534 882 1616 de
900 1533 1081 1615 Turrecta
1102 1532 1142 1614 in
1165 1533 1372 1616 tenimento
1389 1533 1626 1616 Patemionis
1644 1543 1682 1618 et
1698 1535 1859 1620 domum
1873 1563 1973 1648 qnae

556 1675 614 1750 est
627 1665 738 1778 juxta
755 1666 953 1750 ecclesiam
972 1665 1101 1748 Sancti
1118 1665 1266 1750 Cataldi
1283 1669 1324 1748 in
1342 1667 1550 1752 tenimento
1567 1667 1716 1752 eodem.

638 1881 768 1955 (nuder.
781 1881 819 1941 ll.
833 1881 960 1956 Prnnns,
977 1877 1056 1942 sete.
1072 1897 1173 1958 mma,
1188 1886 1209 1944 t.
1227 1881 1273 1956 ll,
1289 1883 1383 1960 suppl.
1398 1899 1426 1960 p.
1442 1889 1530 1944 trra.
1543 1915 1585 1928 —
1596 1901 1636 1944 ns
1649 1883 1789 1958 Gnossrs,
1804 1879 1907 1946 &ton
1922 1881 1973 1946 de-

679 1985 823 2062 cccdord,
837 1987 939 2050 ebord.
954 1987 1000 2064 11,
1013 2006 1042 2066 p.
1059 1999 1113 2063 89,
1129 2005 1179 2068 ap.
1194 1987 1373 2067 Gmnvrurr,
1391 1991 1473 2052 Thes.
1489 1991 1581 2073 antiq.
1597 1987 1726 2064 scita.
1744 1990 1795 2069 X.)

609 2177 649 2250 ln
669 2176 809 2250 nomine
827 2178 890 2250 Dei
912 2177 1021 2252 eterni
1042 2176 1228 2252 Salvatoris
1250 2177 1357 2252 nostri
1375 2179 1456 2252 Jesn
1474 2177 1610 2252 Christi.
1632 2177 1756 2252 Amen.
1779 2178 1974 2254 Fridericns

564 2300 682 2376 divina
703 2303 842 2375 favente
864 2302 1131 2376 elementares
1154 2301 1280 2389 Sicilie,
1305 2301 1453 2378 ducatus
1462 2301 1602 2398 Apulis,
1617 2303 1832 2398 principatus
1843 2303 1970 2399 Copue.

562 2424 657 2498 Licet
684 2423 780 2519 regie
806 2424 999 2498 serenitatis
1022 2423 1237 2498 immensitas
1259 2424 1442 2519 petitiones
1469 2433 1505 2498 et
1531 2433 1613 2500 vota
1641 2423 1797 2498 fidelium
1824 2426 1974 2500 clemen·

560 2557 613 2624 ter
634 2548 821 2622 admictere
842 2557 1014 2640 teneatur,
1037 2571 1080 2622 eo
1102 2559 1219 2623 tamen
1246 2569 1352 2645 snper
1374 2549 1430 2622 bis
1449 2569 1520 2644 qne
1542 2557 1640 2644 grata
1663 2559 1745 2622 snnt
1761 2550 1905 2624 creatori
1923 2551 1974 2626 la·

560 2693 680 2746 vorem
705 2671 811 2746 debet
832 2672 943 2767 gratie
962 2671 1163 2768 principalis
1185 2672 1388 2768 impendere
1403 2693 1474 2768 qno
1494 2673 1707 2768 spiritualius
1727 2681 1780 2746 est
1800 2673 1835 2748 ei
1853 2674 1975 2748 celitus

560 2797 717 2890 regimen
734 2805 770 2869 et
781 2805 955 2892 sceptrum
972 2797 1069 2888 regie
1082 2796 1270 2889 majestatis
1282 2795 1469 2870 indultum.
1486 2795 1571 2870 Inde
1589 2797 1753 2900 estquod
1768 2818 1832 2870 nos
1847 2798 1975 2870 intuitu

562 2918 683 2993 divine
700 2916 934 2992 misericordie
948 2925 983 2990 et
997 2915 1273 2990 consideratione
1288 2939 1377 3014 pura
1394 2916 1568 2992 fidelitatis
1583 2927 1617 2990 et
1633 2917 1722 3012 grati
1737 2917 1868 2992 servitii
1879 2917 1976 3014 qnod

565 3051 648 3134 ate,
668 3042 810 3137 Rogeri,
832 3040 1040 3116 venerabilis
1061 3041 1260 3114 Catanensis
1273 3041 1451 3138 episcope,
1473 3041 1600 3116 dilecte
1617 3041 1795 3116 familiaris
1810 3049 1847 3114 st
1865 3041 1977 3118 fidelis

565 3175 698 3259 noster,
722 3166 951 3262 suscipimus,
975 3165 1020 3240 de
1047 3175 1210 3240 consueta
1237 3167 1425 3262 majestatis
1448 3175 1563 3242 nostre
1585 3167 1788 3240 liberalitate
1811 3175 1976 3263 perpetuo

567 3291 790 3366 concedimus
810 3299 845 3364 et
864 3287 1108 3364 confirmamus
1128 3291 1308 3364 Catanensi
1332 3291 1476 3366 ecclesie
1493 3292 1574 3384 jura
1599 3301 1633 3364 et
1656 3291 1807 3364 rationes
1826 3291 1977 3387 integras

568 3419 692 3490 Sancte
708 3415 816 3490 llario
834 3413 880 3488 de
893 3415 1146 3508 Roboregmsso
1160 3436 1230 3510 qne
1244 3424 1326 3488 sunt
1340 3417 1377 3490 in
1396 3417 1585 3490 tenimento
1598 3415 1821 3510 ddernionis,
1835 3417 1977 3492 ecclesie

568 3549 778 3638 spectantes,
798 3543 901 3634 juxta
921 3539 1142 3636 privilegium
1168 3538 1363 3614 donationis
1383 3540 1467 3615 inde
1487 3543 1655 3616 factumn
1674 3541 1847 3616 comitisse
1867 3561 1977 3638 quon·

568 3665 652 3765 dam
672 3663 835 3736 Adelasia
856 3663 1113 3756 consanguinea
1137 3671 1269 3757 nostra,
1291 3686 1363 3760 qne
1378 3665 1578 3738 comitatum
1604 3663 1813 3740 Ademionis
1831 3685 1873 3738 eo
1892 3673 1977 3738 tem

567 3809 652 3884 pore
671 3787 716 3861 de
735 3786 959 3882 acquisitione
974 3795 1119 3883 paterna
1136 3788 1315 3862 obtinebat
1332 3797 1367 3861 et
1386 3789 1598 3884 possidebat.
1622 3787 1853 3864 Concedimns
1874 3789 1978 3863 etiem

568 3919 603 3985 et
625 3909 867 3986 confirmamus
888 3909 955 4006 ipsi
974 3909 1155 3983 catanensi
1178 3910 1322 3984 ecclesie
1340 3909 1521 4006 quoddam
1545 3909 1783 3984 molendinum
1803 3909 1899 4007 qnod
1922 3909 1976 3984 di·

570 4036 659 4109 citur
678 4034 723 4109 de
738 4036 898 4108 Turrecta
914 4033 1019 4108 sitnm
1038 4034 1074 4106 in
1093 4033 1280 4108 tenimento
1299 4033 1525 4128 Paternionis,
1542 4037 1644 4129 juxta
1663 4033 1886 4130 privilegium
1898 4055 1979 4108 con·

569 4159 773 4234 firmationis
795 4182 816 4233 a
839 4159 1034 4234 felicissima
1060 4160 1225 4235 memoria
1243 4159 1383 4234 domine
1405 4159 1600 4236 Constantia
1621 4161 1852 4234 Romanorum
1873 4160 1980 4255 impe·

570 4287 704 4359 ratricis
716 4293 751 4358 et
760 4284 879 4378 regine
891 4285 1008 4358 Sicilie
1017 4283 1202 4358 recolende
1215 4285 1392 4375 memorie,
1410 4283 1529 4357 matris
1545 4293 1672 4375 nostre,
1689 4283 1772 4357 inde
1784 4283 1981 4357 solemniter

570 4413 712 4485 lactum.
732 4411 892 4483 Preterea
911 4409 1134 4484 concedimus
1153 4417 1188 4481 et
1205 4407 1448 4482 confirmamus
1465 4409 1703 4504 prenominate
1721 4407 1865 4481 ecclesie
1884 4407 1981 4480 Cate-

571 4535 670 4609 nensi
686 4533 828 4608 domum
841 4541 976 4629 quaest
987 4537 1089 4627 juxta
1105 4533 1284 4606 ecclesiam
1296 4533 1410 4606 Sancti
1427 4531 1557 4608 Cataldi
1575 4555 1655 4605 cnm
1671 4532 1771 4605 terris
1784 4531 1981 4606 laborativis

576 4669 611 4731 et
621 4659 780 4754 virgultis
792 4680 863 4754 que
878 4658 1007 4732 suntin
1022 4658 1209 4730 tenimento
1221 4657 1445 4745 Patamionis,
1462 4679 1542 4731 cnm
1553 4657 1715 4731 omnibns
1728 4656 1765 4728 in
1778 4655 1830 4730 eis
1838 4654 1982 4751 justitiis
