4382 5946
510 503 572 568 aet
1009 507 1222 571 Fllllllllllcl
1248 509 1422 573 suebant
1734 509 1813 592 [An.
1832 513 1920 578 tuit.

510 663 593 738 pere
615 641 659 714 sit
680 642 843 714 omnibus
869 643 1110 736 interdictum,
1140 655 1180 718 tu
1206 646 1243 717 iu
1266 646 1376 742 ipsium
1398 645 1526 720 diocesi
1553 647 1588 718 iu
1618 647 1756 720 Diensis
1778 645 1922 722 eccloeie

512 766 741 862 prejudicium
755 779 867 862 spreta
877 768 1050 864 privilegii
1061 769 1265 844 anctoritate
1275 771 1462 866 pedagium
1471 771 1649 867 percipere
1661 793 1730 845 non
1743 771 1917 844 formidas.

509 893 655 964 Stratum
673 892 776 966 etiarn
796 893 969 988 publicam
991 915 1097 989 quam
1114 894 1228 968 cidem
1247 897 1391 970 ecclesie
1413 896 1602 992 imperialis
1618 895 1788 970 concessit
1802 905 1920 970 ancto-

509 1017 605 1104 ritas,
627 1017 763 1090 munire
782 1013 843 1114 [et]
862 1015 997 1090 firmare
1019 1019 1054 1089 in
1076 1019 1185 1116 ipsius
1203 1031 1237 1094 et
1257 1021 1510 1094 transeuntium
1533 1020 1761 1116 prejudicium
1782 1041 1845 1118 pro
1863 1029 1920 1092 tue

510 1141 697 1214 voluntatis
719 1141 860 1214 arbitrio
881 1164 948 1216 uou
975 1143 1115 1216 vereris.
1135 1144 1220 1218 Cum
1247 1145 1353 1239 igitur
1378 1167 1425 1218 en
1449 1145 1544 1240 regie
1570 1145 1785 1220 celsitudinis
1807 1144 1919 1218 officio

509 1276 688 1340 teneamur
705 1267 867 1340 omnibus
885 1269 1040 1342 ecclesiis
1057 1270 1258 1364 providere,
1280 1269 1472 1366 specialiter
1488 1279 1603 1344 umen
1622 1271 1690 1342 illis
1708 1272 1743 1342 in
1759 1273 1838 1366 jure
1857 1291 1921 1344 suo

510 1391 631 1466 deesse
653 1413 722 1465 nou
746 1415 932 1489 possumus
950 1417 1038 1489 quas
1064 1395 1250 1492 imperialis
1271 1394 1507 1470 munificentia
1529 1397 1724 1478 decoraviu
1744 1407 1922 1490 eapropter

510 1517 572 1589 tibi
589 1518 813 1614 precipiendo
830 1512 1037 1592 mandamus
1062 1530 1097 1592 ct
1112 1519 1315 1594 mandantes
1336 1521 1545 1616 precipimus
1561 1521 1727 1616 quatinus
1743 1521 1788 1592 ab
1804 1521 1920 1593 illicita

510 1641 738 1738 pedagiorum
756 1644 953 1718 extorsione
969 1655 1002 1717 et
1020 1668 1041 1718 a
1059 1655 1164 1717 strate
1182 1645 1319 1741 publice
1337 1646 1535 1718 municione
1556 1645 1728 1720 abstineas
1746 1655 1781 1718 et
1795 1645 1841 1718 dc
1857 1667 1920 1739 pe·

510 1768 622 1862 degiis
640 1770 767 1860 injuste
783 1769 953 1864 perceptis
968 1770 1131 1866 episcopo
1145 1771 1334 1844 satisfacias
1347 1780 1600 1867 competentem
1620 1779 1656 1843 et
1671 1771 1774 1846 utem
1792 1781 1826 1842 te
1839 1791 1920 1864 erga

508 1895 622 1989 ipsum
640 1892 807 1966 exhibens
825 1916 869 1967 ne
888 1895 949 1967 tibi
969 1893 1125 1968 secundo
1141 1896 1291 1970 scribere
1309 1899 1564 1992 compellamur.

561 2019 685 2090 Datum
701 2018 796 2114 apud
817 2021 1002 2110 Basileam,
1025 2043 1117 2094 anno
1137 2021 1311 2094 dominice
1330 2023 1573 2095 incarnationis
1593 2023 1641 2094 ttt
1654 2021 1718 2092 CO
1729 2021 1819 2094 Xlll⁰
1835 2021 1919 2116 (sie),

511 2143 698 2216 indictione
717 2145 831 2234 tertia,
853 2147 927 2217 Vlll
947 2145 1113 2220 kalendas
1131 2147 1335 2220 decembris.

724 2459 1707 2474 mua-amm

562 2753 790 2857 rudericus,
814 2755 1072 2836 Rornanorum
1093 2777 1181 2859 rex,
1211 2752 1383 2836 llichaeli
1407 2751 1688 2861 archiepiscopo
1712 2753 1918 2834 Arelatensi

507 2897 544 2970 et
557 2887 735 2970 ecclcsiae
753 2885 835 2996 ejus
854 2885 1025 2968 concedit
1042 2897 1080 2966 et
1096 2883 1297 2968 confirmat
1314 2885 1438 2993 ipsam
1455 2885 1643 2968 civitatem
1662 2885 1920 2968 Arelatensern

508 3047 578 3132 pro
595 3020 758 3104 indiviso
775 3029 813 3102 et
830 3019 983 3130 plenum
997 3018 1301 3128 jurisdictionem
1319 3019 1358 3100 in
1377 3019 1463 3124 illa,
1483 3045 1570 3101 cum
1589 3019 1747 3102 diversis
1760 3045 1920 3128 posses-

510 3155 679 3240 sionibus
697 3154 839 3238 ibidem
857 3153 1083 3236 nominatim
1102 3153 1301 3262 expressis.

591 3385 682 3466 (nur.
697 3387 730 3446 ln
743 3383 781 3446 P.
794 3383 883 3446 Sace
890 3381 1001 3464 pontii.
1013 3379 1201 3462 arelatense,
1215 3400 1263 3460 up.
1279 3383 1449 3460 Mnncnnu,
1465 3382 1587 3462 script..
1602 3387 1627 3442 t.
1642 3383 1671 3454 l,
1684 3399 1715 3458 p.
1732 3391 1810 3462 212,
1824 3389 1855 3444 et
1870 3399 1919 3460 up.

627 3494 768 3565 Boucuu,
787 3491 865 3552 Hirt.
885 3489 920 3550 de
941 3489 1100 3566 Pruocacc,
1114 3496 1138 3550 t.
1159 3491 1206 3562 11,
1226 3508 1258 3568 p.
1280 3499 1419 3551 nonnos.
1437 3489 1527 3550 Extat
1540 3489 1681 3567 crlgtnale
1698 3505 1746 3566 up.
1765 3489 1920 3550 archivum

629 3599 742 3660 Arelat.
757 3601 789 3658 in
809 3598 885 3658 llbro
905 3598 987 3658 dlcto
1000 3598 1085 3658 Licca
1105 3595 1167 3656 dor
1180 3594 1214 3656 de
1229 3593 1317 3658 l'uoc.
1337 3594 1446 3657 arcdcv.
1469 3591 1599 3672 d'rlrlet,
1614 3603 1647 3656 n⁰
1662 3605 1717 3666 τες
1732 3595 1813 3656 unde
1833 3613 1922 3657 aurea

627 3703 709 3764 bulla
721 3705 827 3765 aurulae
838 3702 919 3783 rut.)

557 3909 595 3978 ln
612 3905 752 3978 nomine
776 3913 893 3978 sancte
915 3915 950 3980 ct
973 3905 1159 3980 individue
1177 3907 1362 3980 Trinitatis.
1383 3905 1577 3979 Fridericus
1597 3903 1626 3976 11
1646 3903 1767 3978 divina
1784 3905 1921 3977 lavante

509 4031 618 4126 gratia
636 4033 866 4104 Romanorum
883 4051 947 4103 rex
965 4041 1001 4104 et
1019 4051 1154 4126 semper
1170 4039 1353 4123 augustus,
1376 4038 1412 4104 et
1430 4051 1492 4102 rex
1510 4029 1637 4101 Sicilie.
1660 4027 1717 4100 Ad
1735 4027 1922 4124 imperialis

508 4157 692 4232 eminentie
716 4155 861 4252 pertinet
884 4157 1095 4250 majestatem
1112 4155 1334 4230 ecclesiarum
1349 4155 1429 4246 jura
1445 4155 1521 4227 sive
1538 4153 1772 4250 possessiones
1787 4151 1834 4226 ad
1849 4151 1920 4224 hu-

511 4307 629 4360 ucrem
657 4284 793 4380 imperii
819 4283 934 4357 illesas
954 4305 1109 4372 servare,
1139 4291 1173 4354 et
1193 4303 1237 4354 ne
1260 4301 1445 4376 pravorum
1474 4277 1652 4353 hominnm
1681 4277 1920 4373 inquietudine

509 4409 764 4506 perturbentur,
785 4409 841 4482 sui
861 4409 1033 4504 privilegii
1057 4407 1249 4480 munimine
1268 4407 1439 4478 roborare.
1462 4403 1602 4478 Cunctis
1625 4403 1731 4498 igitur
1750 4413 1818 4476 tam
1837 4423 1921 4498 pre-

509 4536 665 4609 sentibus
683 4557 787 4630 quam
813 4535 937 4607 tuturis
955 4534 1160 4630 imperiique
1178 4531 1340 4604 fidelibus
1357 4531 1521 4602 volumus
1537 4551 1614 4604 esse
1631 4530 1806 4624 cognitum
1824 4525 1919 4621 quod

510 4683 572 4734 nos
588 4659 797 4736 Arelatensis
817 4660 961 4734 ecclesie
979 4658 1182 4750 dignitatern
1198 4655 1304 4750 digne
1319 4654 1589 4746 considerantes,
1606 4665 1642 4728 et
1659 4675 1735 4727 eam
1756 4663 1919 4745 tanquam
