4378 5954
245 571 349 634 tame.
370 563 431 652 ta]
698 564 896 628 HISTORIA
919 565 1215 634 utatoltartctl.
1605 569 1663 634 tta

244 715 344 800 grata
367 702 509 778 servitia
531 721 602 797 que
632 707 671 773 tu
693 700 844 774 berarde
865 697 936 797 (l),
959 702 1168 776 venerabilis
1196 699 1355 776 Barensis
1383 699 1662 798 archiepiscope,

245 827 360 902 fidelis
374 836 505 918 noster,
524 825 695 920 majestati
716 833 830 898 nosue
844 823 981 898 dudum
998 827 1166 900 exhibere
1183 825 1311 900 curasti
1329 823 1489 918 fideliter,
1502 825 1664 900 volentes

244 953 309 1026 tibi
336 963 502 1048 tauquam
529 951 743 1025 benemerito
764 949 968 1048 providere,
989 951 1034 1026 de
1052 952 1161 1047 gratia
1185 961 1220 1027 et
1242 960 1406 1024 consueto
1426 949 1664 1026 munificentia

246 1087 363 1150 nostra
375 1081 542 1172 perpetuo
553 1074 776 1148 concedimus
789 1085 824 1149 et
839 1075 1010 1150 donamus
1024 1077 1107 1170 tibi,
1121 1075 1380 1150 successoribus
1391 1075 1462 1148 tuis
1474 1084 1510 1148 et
1521 1075 1663 1150 Barensi

245 1201 393 1274 ecclesio
410 1200 523 1273 casale
541 1197 639 1294 quod
656 1199 783 1272 dicitur
800 1201 966 1292 Laterum
989 1221 1095 1296 quam
1117 1202 1200 1274 olim
1219 1199 1330 1272 tenuit
1349 1199 1536 1273 Riccardus
1552 1201 1663 1294 loge-

247 1333 334 1415 tcta,
359 1345 439 1396 curn
462 1323 625 1397 omuibus
644 1324 748 1414 justis
772 1325 968 1398 tenimentis
992 1335 1028 1399 et
1045 1325 1260 1422 pertinentiis
1282 1322 1378 1414 suis,
1403 1325 1500 1397 salvo
1521 1325 1664 1398 servitio

245 1447 343 1546 quod
366 1447 462 1520 curie
486 1457 603 1522 nosue
624 1446 708 1520 inde
729 1447 888 1522 debetur.
909 1447 967 1522 Ad
983 1449 1089 1542 bujus
1108 1457 1224 1522 autem
1244 1447 1473 1522 encesionis
1494 1457 1529 1520 et
1551 1446 1662 1521 deua-

248 1571 352 1646 tiouie
367 1581 483 1644 nostre
500 1571 702 1644 memoriam
720 1579 756 1646 et
772 1571 972 1647 inviolabile
988 1571 1261 1666 firmamentum,
1279 1593 1421 1669 presens
1439 1571 1661 1668 privilegium

250 1717 311 1794 per
335 1717 459 1768 manus
477 1695 618 1770 Andree
636 1695 760 1769 notarii
784 1706 819 1770 et
840 1695 954 1771 fidelis
973 1697 1079 1771 nostri
1101 1697 1206 1770 scribi
1220 1694 1271 1794 (a)
1286 1706 1322 1770 et
1341 1695 1529 1789 majestatis
1546 1705 1662 1770 nostre

250 1821 365 1913 sigillo
382 1821 526 1894 lecimus
539 1821 761 1910 communiri,
779 1843 890 1912 anno,
906 1844 1025 1896 mense
1039 1832 1074 1896 et
1087 1823 1276 1898 indictione
1293 1821 1508 1916 subscriptis.

297 1945 422 2017 Datum
440 1943 592 2018 Catbaue
607 1965 670 2042 per
686 1967 811 2020 manus
832 1945 995 2020 Gualterii
1020 1947 1066 2022 de
1086 1948 1211 2022 Paleua
1234 1945 1282 2044 (b)
1308 1945 1516 2021 venerabilis
1535 1943 1664 2019 Catha-

250 2069 367 2142 uensie
390 2069 544 2166 episcopi
571 2079 607 2142 et
627 2071 726 2164 regni
747 2071 863 2144 Sicilie
883 2073 1094 2166 cancellarii,
1114 2094 1205 2146 auno
1226 2071 1398 2147 dominice
1418 2069 1662 2144 incarnationis

250 2193 431 2266 millesimo
456 2193 694 2268 ducentesimo
710 2215 823 2287 nouo,
850 2217 970 2269 mense
992 2197 1088 2288 julii,
1109 2195 1317 2270 duodecima
1337 2193 1544 2286 indictione,
1562 2193 1661 2288 regni

250 2337 335 2390 reru
349 2315 481 2390 domini
495 2318 602 2392 nostri
616 2317 779 2392 Fridarici
791 2319 853 2392 Dei
868 2319 977 2413 gratia
990 2319 1129 2414 gloriosi
1142 2319 1234 2414 regis
1248 2315 1663 2414 Sicilie,ducatusbpulia

250 2450 288 2514 et
303 2441 516 2538 principatus
531 2443 648 2539 Capua
664 2463 757 2518 anuo
771 2443 955 2518 undecimo
971 2441 1014 2539 (c)
1030 2443 1185 2517 feliciter.
1202 2443 1326 2517 Amen.

304 3026 518 3110 Fridcricus
539 3053 607 3112 rex
633 3025 783 3112 Siciliae
808 3027 1081 3112 monasterium
1109 3025 1269 3110 Sanctae
1294 3025 1434 3112 Mariae
1450 3027 1499 3112 de
1517 3026 1666 3114 Gualdo
1712 3057 1842 3168 Ηυξ

250 3160 293 3242 iu
320 3160 536 3244 tenimentis
561 3159 692 3244 Faiani
718 3171 758 3244 et
781 3159 1055 3245 monasterium
1077 3159 1205 3243 Sancti
1232 3159 1394 3246 Matbaci
1415 3161 1463 3246 de
1487 3160 1666 3247 Scrrlcrrla
1727 3173 1831 3222 *¹¹³⁸*-

250 3317 341 3376 cum
355 3292 596 3400 hominibus,
616 3293 840 3378 obedientiis
857 3303 895 3378 ct
911 3293 1090 3378 omnibus
1107 3292 1223 3377 rebus
1240 3319 1373 3377 eorum
1391 3293 1464 3378 sub
1482 3321 1553 3380 sua
1569 3321 1667 3405 pre-

250 3426 414 3510 teetioue
433 3425 613 3535 suscipit,
632 3425 829 3537 privilegia
845 3435 884 3510 et
900 3427 1193 3511 consuetudines
1216 3426 1357 3537 quibus
1378 3428 1435 3511 uti
1456 3453 1666 3514 consuere-

250 3567 340 3640 rant
356 3557 603 3642 confirmans.

332 3767 450 3844 (lnedtt.
465 3783 504 3828 ex
516 3764 654 3848 orlgtuall
665 3766 698 3828 ln
710 3764 790 3828 areb.
803 3781 866 3845 rag.
881 3762 982 3826 Sauctl
993 3763 1126 3826 Sereunl
1137 3779 1184 3842 ap.
1193 3763 1373 3845 Neapolim.)

300 3945 503 4020 fredericus
516 3945 636 4021 divina
646 3947 784 4020 lavante
798 3943 978 4018 clementia
991 3965 1048 4018 rar
1062 3944 1206 4041 Sycilie,
1223 3942 1370 4018 ducatus
1384 3943 1511 4042 Apulia
1523 3953 1558 4020 et
1571 3947 1665 4044 priu-

293 4121 334 4198 (α)
353 4118 482 4198 Scribat,
497 4123 597 4182 mlnus
610 4126 697 4183 rocta.

293 4225 334 4306 (b)
357 4227 399 4287 De
413 4223 495 4303 Pale,
509 4227 598 4289 male.

293 4332 331 4413 (ι)
353 4335 476 4397 llectlua
487 4339 587 4396 tamon
600 4330 773 4394 decom,

289 4572 328 4646 (l)
345 4571 480 4632 mnibus
492 4572 587 4646 Costa,
601 4571 646 4630 alii
664 4571 793 4630 &stacca
812 4571 919 4643 dicunt,
938 4587 1031 4630 mensa
1051 4571 1149 4630 martio
1165 4573 1228 4630 anui
1249 4575 1319 4632 taor
1338 4573 1444 4632 boterio
1465 4573 1666 4654 archiepiscopo

250 4669 363 4728 &rarsi
374 4677 554 4746 swoamerau
566 4677 728 4748 metasque,
742 4675 773 4730 ut
783 4670 968 4744 monebimus,
982 4671 1018 4730 ad
1028 4669 1125 4764 vsedent
1134 4670 1345 4732 Panormitanam
1355 4672 1500 4734 transbtua
1513 4682 1566 4736 est.
