4378 5954
509 495 567 560 162
1008 497 1221 558 tulbstlct
1244 497 1418 558 securta!
1731 497 1811 578 [dtr.
1829 501 1917 564 1210.

560 631 599 703 ln
617 631 757 704 nomine
769 631 832 704 Dei
845 631 953 704 eterni
966 641 1000 704 et
1011 631 1195 704 Salvatoris
1213 633 1319 704 nostri
1334 634 1415 704 teon
1434 630 1570 702 Christi.
1584 627 1709 704 Amen.
1724 633 1920 707 fridericus

511 756 633 831 divim
652 757 791 829 favente
809 755 987 828 clementia
1010 778 1073 828 rex
1092 755 1226 842 Sicilie,
1246 757 1396 830 ducatus
1412 755 1537 850 Apnb'e
1557 763 1594 828 et
1615 756 1828 851 principatus
1847 761 1919 832 Ca-

508 901 591 976 puo.
607 879 792 972 Begnautis
806 880 924 975 procul
938 879 1046 954 dubio
1062 889 1144 952 tuuc
1158 880 1264 974 digne
1280 889 1400 953 tronus
1413 879 1590 950 extollitur
1602 899 1683 952 cum
1695 879 1781 972 Regi
1795 902 1917 975 regum

507 1003 654 1079 solvitur
669 1003 765 1098 qnod
783 1003 943 1094 debetur,
958 1005 1042 1098 quin
1063 1005 1162 1078 titulo
1179 1004 1219 1078 id
1235 1015 1354 1078 eterno
1370 1003 1610 1092 conscribitur,
1627 1003 1723 1097 qnod
1739 1004 1918 1077 dedicatur

507 1127 670 1218 Domino,
691 1127 786 1222 quod
809 1127 940 1200 divinis
959 1129 1159 1202 ministeriis
1176 1138 1408 1202 consecratur.
1428 1128 1486 1199 Sic
1502 1126 1596 1199 euim
1614 1127 1720 1198 nostri
1737 1125 1918 1200 firmantur

503 1254 583 1345 jura
600 1251 795 1344 regiminis,
819 1252 850 1324 si
867 1253 914 1326 ad
936 1252 1075 1325 landem
1096 1261 1131 1325 et
1149 1254 1293 1348 gloriam
1312 1252 1425 1327 divini
1445 1251 1597 1324 nominis
1619 1259 1734 1324 nostre
1757 1252 1915 1325 sublimi·

505 1376 587 1449 tatis
605 1376 750 1450 affectus
772 1376 973 1450 extenditur
997 1385 1032 1448 et
1055 1375 1102 1450 ad
1128 1377 1258 1449 cultum
1282 1375 1391 1448 eterni
1407 1375 1562 1448 numinis
1578 1375 1685 1448 nostri
1704 1375 1833 1449 invoris
1854 1399 1917 1450 as-

504 1521 628 1576 sensus
636 1499 822 1595 benignius
836 1499 1034 1575 adhibetur.
1045 1501 1231 1574 Credentes
1242 1501 1349 1595 igilur
1361 1499 1611 1574 tuucomnium
1623 1499 1775 1594 largitori
1791 1501 1917 1574 melius

505 1625 719 1721 complacere
743 1645 823 1695 cum
846 1625 931 1697 locis
949 1625 1206 1697 venerabilibus
1229 1635 1263 1698 et
1287 1624 1348 1697 nbi
1371 1624 1525 1696 maxime
1546 1624 1669 1718 religio
1686 1622 1916 1698 cumensis

503 1747 638 1824 ordinis
662 1749 866 1820 observatur
887 1749 1078 1822 serenitatis
1101 1761 1216 1822 nostre
1238 1749 1455 1822 clementiam
1476 1769 1682 1837 reseramus,
1701 1746 1919 1822 attendentes

503 1872 613 1944 vitam
635 1871 806 1944 celebrem
828 1883 862 1944 et
885 1873 942 1967 pie
967 1871 1145 1967 religionis
1169 1873 1327 1946 ordinem
1351 1874 1387 1944 in
1405 1895 1478 1969 quo
1496 1894 1558 1968 per
1574 1873 1684 1946 divini
1707 1873 1822 1946 cultus
1845 1875 1917 1946 ob-

504 1995 713 2070 servantiam
732 1997 853 2070 iratres
871 2000 1067 2072 monasterii
1086 2000 1132 2074 de
1149 2001 1261 2072 Salem
1281 1998 1503 2072 devotissime
1526 1999 1672 2070 Domino
1690 1997 1912 2089 famulantur,

505 2121 599 2193 illius
616 2121 743 2192 intuitu
762 2121 823 2216 qui
841 2121 901 2195 dat
921 2123 1066 2194 salntem
1085 2123 1227 2214 regibus
1244 2131 1279 2194 et
1295 2122 1357 2216 qui
1377 2120 1478 2192 nobis
1494 2118 1622 2214 regalis
1636 2119 1799 2192 cul-inis
1813 2141 1917 2215 scep-

503 2254 596 2318 trum
615 2243 776 2334 douavit,
796 2255 832 2318 et
854 2268 916 2341 pro
933 2245 1088 2320 remedio
1104 2251 1297 2318 animarum
1315 2245 1479 2318 divorum
1497 2243 1674 2342 quendam
1689 2251 1916 2336 augustorum

502 2376 684 2466 parentum
702 2377 897 2442 nostrorum
916 2371 1024 2443 felicis
1042 2371 1225 2458 memorie,
1243 2370 1467 2443 concedimus
1483 2379 1519 2442 et
1535 2367 1782 2442 confirmamus
1797 2367 1914 2440 eidem

501 2495 708 2568 monasterio
720 2493 756 2565 in
771 2503 977 2590 perpetuum
991 2505 1031 2567 ut
1042 2495 1074 2567 ei
1088 2496 1189 2568 liceat
1202 2496 1315 2570 tacere
1327 2495 1612 2570 commutationes
1624 2493 1702 2567 sive
1713 2491 1915 2566 concambia

501 2639 581 2692 cum
598 2617 878 2713 quibuscumque
893 2619 970 2692 aliis
987 2620 1141 2692 ecclesiis
1159 2641 1221 2692 seu
1238 2621 1341 2692 etiam
1360 2619 1558 2694 bominibus
1571 2619 1647 2692 sive
1661 2616 1825 2692 fidelibus
1840 2619 1917 2690 sive

501 2742 783 2816 ministerialibus
801 2745 926 2817 nostris
945 2745 1022 2817 sive
1047 2765 1269 2839 quocumque
1288 2745 1368 2836 jure
1393 2743 1494 2818 nobis
1515 2743 1757 2832 attinentibus;
1782 2740 1914 2814 confir-

500 2876 635 2939 mantes
652 2866 720 2962 ipsi
738 2867 882 2940 ecclesie
899 2869 1015 2942 omnia
1033 2867 1153 2964 predia
1171 2869 1247 2941 sive
1260 2869 1493 2964 possessiones
1512 2889 1583 2962 que
1599 2867 1647 2940 ita
1666 2887 1729 2962 per
1744 2885 1913 2939 concam-

500 2989 599 3064 bium
624 2990 701 3063 sive
723 2989 960 3064 venditionem
985 2992 1032 3065 ad
1058 2992 1169 3088 ipsius
1194 2993 1339 3066 ecclesie
1364 2992 1557 3066 dominium
1582 2990 1710 3064 inerint
1735 2987 1908 3062 devotare.

500 3116 586 3188 Item
606 3114 829 3188 concedimus
845 3125 881 3187 et
904 3116 1127 3210 indulgemus
1151 3127 1190 3189 ut
1209 3119 1423 3212 quicumque
1446 3117 1601 3192 fidelium
1623 3125 1816 3188 nostrorum
1837 3114 1912 3186 sive

500 3239 776 3313 ministerialium
794 3239 869 3313 sive
884 3261 1184 3336 quorumcumque
1201 3241 1382 3316 bominum
1402 3251 1596 3316 nostrorum
1618 3261 1680 3336 pro
1703 3239 1813 3312 salute
1832 3239 1912 3310 aui-

501 3385 636 3436 marum
654 3385 795 3437 suarum
813 3364 1048 3460 possessiones
1072 3366 1149 3440 sive
1165 3388 1386 3463 quecumque
1402 3367 1494 3440 bona
1510 3387 1575 3438 sua
1591 3365 1667 3438 sive
1683 3361 1821 3435 mobilia
1836 3363 1913 3434 sive

485 3487 693 3560 ¹immobilia
722 3486 836 3560 eidem
859 3489 980 3563 domni
1003 3490 1049 3564 de
1072 3492 1185 3565 Solem
1208 3493 1362 3566 conterre
1379 3489 1552 3564 voluerint
1575 3499 1637 3562 0οι
1654 3489 1740 3560 torte
1761 3485 1914 3560 vendere

502 3610 730 3704 decreverint,
751 3623 790 3684 ut
807 3633 849 3685 ea
866 3613 957 3686 bona
973 3636 1035 3709 per
1050 3625 1206 3688 nostrum
1223 3615 1375 3688 favorem
1394 3625 1429 3688 et
1445 3636 1624 3688 assensum
1640 3611 1813 3706 sepedicto
1831 3631 1911 3682 mo-

501 3733 650 3807 nasterio
664 3756 727 3831 per
737 3746 853 3809 nostre
866 3735 1131 3810 confirmationis
1143 3739 1297 3833 vigorem
1313 3749 1479 3836 perpetua
1490 3740 1593 3814 etiam
1603 3735 1786 3810 stabilitate
1796 3734 1913 3828 quiete

500 3868 722 3954 permaneant
739 3869 774 3932 et
790 3860 885 3933 illesa
908 3871 1138 3957 perseverent.
1159 3863 1266 3957 Regio
1288 3863 1401 3936 edicto
1422 3872 1609 3936 statuentes
1628 3873 1664 3934 et
1687 3858 1915 3956 precipientes

500 4005 545 4056 ne
562 3982 622 4054 ulli
642 3981 687 4055 de
709 3993 822 4057 cetero
840 4005 986 4080 persone
1001 3986 1230 4062 ecclesiastice
1247 3989 1302 4060 vel
1318 3987 1465 4061 seculari
1482 3987 1571 4060 banc
1589 3995 1703 4058 nostre
1721 3980 1911 4055 confirma·

501 4107 605 4181 tionis
620 4107 780 4204 paginam
797 4109 848 4180 ius
870 4109 915 4181 sit
935 4109 1120 4206 intringere
1136 4114 1191 4184 vel
1208 4113 1325 4208 aliquo
1345 4136 1434 4186 0000
1453 4111 1633 4185 temerario
1651 4105 1831 4181 contraire.
1853 4103 1910 4177 Ad

502 4231 789 4328 supplicationem
803 4253 943 4330 quoque
956 4235 1068 4307 fratris
1085 4237 1231 4310 Conradi
1246 4237 1403 4330 ejusdem
1422 4234 1617 4310 monasterii
1632 4230 1805 4321 monachi,
1822 4249 1913 4302 eou-

503 4355 658 4429 oedimus
672 4365 707 4430 et
721 4367 887 4454 perpetuo
909 4358 1151 4434 confirmamus
1170 4363 1286 4436 omnia
1308 4343 1528 4458 quecumque
1548 4357 1767 4434 concessione
1788 4351 1909 4450 ponti-

502 4475 621 4568 ficum,
636 4479 815 4574 largitione
829 4481 1038 4578 principum,
1055 4482 1147 4558 dono
1166 4485 1329 4558 comitum
1346 4487 1402 4560 0οΙ
1419 4487 1587 4560 baronum
1606 4493 1641 4554 et
1655 4481 1801 4556 uberum
1813 4477 1911 4552 obla·

503 4597 597 4674 tione
616 4598 771 4674 fidelium
790 4601 883 4677 idem
905 4605 1149 4680 monasterium
1171 4607 1208 4680 in
1231 4609 1479 4704 presentiarum
1498 4609 1590 4702 inste
1613 4615 1648 4681 et
1667 4601 1916 4678 rationabiliter
