4378 5954
269 571 427 652 lanima]
716 569 911 632 HISTORIA
936 567 1228 630 stabellarius.
1640 569 1682 633 89

269 731 333 782 cus
348 708 480 802 erigere
496 707 762 802 presumpsisset
783 717 817 781 et
838 709 874 780 iu
894 709 1025 803 gremio
1048 707 1140 800 regis
1165 709 1281 778 fovere
1300 715 1494 800 serpentem
1511 714 1547 778 et
1567 705 1602 776 in
1619 705 1684 778 de·

269 833 355 906 mini
375 833 430 906 sui
449 831 627 906 excidium
651 854 791 905 servum
818 833 987 905 furentem
1003 853 1148 904 armare.
1165 829 1251 902 Cum
1277 839 1392 902 autem
1416 829 1562 902 dilectus
1591 829 1684 903 lilius

269 959 396 1031 nobilis
408 957 464 1028 vir
477 959 649 1030 Walterus
666 977 781 1028 cemes
792 957 998 1030 Brennensis
1012 955 1056 1028 ad
1075 963 1226 1027 nostram
1243 955 1448 1049 presentiam
1471 955 1680 1040 accessisset,

270 1091 337 1156 etc.
354 1083 526 1176 [Sequitur
544 1083 613 1174 [cre
625 1082 660 1150 ic
672 1081 821 1152 wmdem
834 1081 965 1152 modam
986 1081 1072 1152 sicat
1094 1083 1129 1150 io
1147 1079 1253 1150 altere
1274 1079 1424 1174 epistole,
1444 1101 1480 1174 p.
1503 1080 1564 1166 83,
1584 1101 1686 1172 espec

270 1208 316 1279 ud
329 1206 510 1282 Oddouem
528 1205 573 1278 de
586 1206 737 1279 laviarm
754 1213 790 1278 et
808 1207 957 1278 fautores
975 1203 1113 1299 ipsius].
1132 1201 1234 1288 Quod
1251 1204 1325 1297 ipse
1341 1203 1485 1275 fideliter
1501 1214 1682 1290 executus,

270 1331 327 1404 bis
350 1329 560 1404 concedente
579 1329 729 1404 Domine
749 1329 950 1402 mirabiliter
970 1327 1121 1401 obtinuit
1143 1327 1188 1401 de
1211 1327 1388 1400 Diubulde
1409 1325 1686 1423 triumphumll)

271 1463 307 1528 et
334 1455 509 1551 prestratis
532 1455 649 1527 multis
671 1477 718 1528 ex
742 1454 934 1527 fautoribus
956 1453 1033 1545 ejus
1057 1451 1238 1526 Oddouem
1254 1451 1299 1526 de
1314 1453 1467 1524 Laviane
1484 1463 1518 1525 et
1538 1453 1575 1526 S.
1596 1452 1683 1525 Diu·

271 1581 370 1676 pnldi
397 1601 601 1674 germanum
634 1601 715 1651 cum
741 1577 952 1674 quibusdam
979 1577 1057 1650 aliis
1088 1576 1204 1650 adbuc
1230 1577 1359 1650 detinet
1389 1577 1539 1650 vinculis
1562 1577 1686 1671 alliga·

274 1713 338 1776 tos.
365 1705 526 1776 Veientes
554 1701 660 1798 igitur
687 1724 748 1799 per
769 1724 850 1777 eum
874 1702 948 1798 regi
975 1709 1010 1775 et
1043 1722 1151 1796 regne
1175 1701 1311 1797 plenius
1337 1701 1541 1792 subvenire,
1572 1701 1687 1796 ipsum

275 1837 392 1901 centra
417 1827 655 1901 Mareualdum
674 1827 710 1899 in
729 1827 883 1899 Siciliam
906 1825 1133 1912 destinamus,
1159 1834 1338 1920 sperantes
1362 1825 1399 1896 in
1424 1825 1571 1897 Domine
1592 1825 1688 1920 quod

275 1950 505 2026 desideratam
525 1951 570 2025 de
585 1951 663 2046 ipse
676 1951 855 2024 victoriam
870 1951 972 2023 citius
988 1957 1202 2045 assequetur.
1221 1947 1315 2021 Licet
1335 1959 1451 2022 autem
1469 1970 1580 2044 usqua
1599 1948 1688 2022 adeo

275 2074 311 2147 in
326 2075 493 2171 obsequie
508 2075 600 2170 regis
616 2085 651 2148 et
662 2075 760 2169 regni
771 2077 843 2170 jam
859 2077 991 2148 eluceat
1007 2071 1097 2148 fides
1114 2075 1190 2167 ejus
1203 2085 1242 2144 ut
1260 2072 1305 2146 de
1319 2073 1467 2168 puritate
1489 2072 1688 2147 intentionis

275 2199 385 2296 ipsius
403 2185 519 2274 nullus
537 2201 675 2298 penitus
693 2201 817 2274 debeat
835 2200 1013 2290 dubitare,
1038 2211 1077 2272 ut
1102 2207 1215 2272 tamen
1240 2199 1353 2272 omnis
1377 2199 1516 2294 penitus
1537 2200 1689 2296 suspicio

276 2325 443 2421 sopiatur,
462 2324 625 2398 dilectum
644 2323 753 2398 lilium
775 2325 816 2398 ll.
840 2325 930 2396 tituli
955 2331 1151 2398 sauctorum
1174 2321 1361 2396 Marcellini
1380 2331 1415 2394 ct
1430 2323 1520 2396 Petri
1539 2325 1689 2419 presby·

276 2457 386 2522 terum
405 2449 634 2539 cardinalem,
655 2447 849 2543 Apostolice
866 2447 967 2521 Sedis
989 2449 1151 2542 legatum,
1170 2455 1204 2518 et
1218 2446 1365 2518 nobilem
1382 2446 1496 2518 virum
1523 2447 1690 2520 Jaeebum

277 2573 521 2646 consobrinum
543 2581 578 2647 et
600 2573 847 2645 marescalcum
866 2582 1021 2646 nestmm
1046 2573 1082 2643 iu
1110 2571 1259 2642 Siciliam
1285 2571 1452 2643 duximus
1470 2570 1689 2664 dirigendos,

277 2718 439 2772 concessa
456 2698 507 2771 eis
531 2697 684 2793 plenaria
711 2705 877 2792 potestate
899 2705 939 2769 ut
961 2705 1082 2791 gerant
1104 2695 1140 2766 iu
1166 2695 1234 2766 illis
1258 2695 1412 2790 partibus
1435 2695 1530 2766 vices
1556 2705 1691 2768 uestras

277 2829 312 2894 et
329 2842 510 2916 persenam
528 2821 661 2916 regiam
677 2821 707 2894 si
724 2821 770 2894 de
793 2820 982 2894 lllarcualdi
1004 2841 1112 2892 manu
1135 2818 1239 2892 fuerit
1260 2818 1402 2892 liberata
1422 2817 1473 2914 (2)
1487 2819 1615 2891 faciant
1629 2840 1692 2916 par

277 2945 462 3019 familiares
480 2945 594 3040 regies
610 2944 756 3019 fideliter
773 2945 952 3018 custodiri.
969 2943 1090 3016 Cemiti
1109 2943 1213 3017 etiam
1231 2941 1392 3016 dedimus
1408 2941 1444 3014 iu
1462 2941 1635 3016 mandatis
1653 2953 1692 3015 ut

277 3070 442 3166 precedat
450 3071 553 3164 juxta
566 3070 825 3166 dispositionem
838 3092 959 3145 eorum
977 3079 1011 3144 et
1029 3071 1182 3167 ipserum
1196 3067 1332 3141 statutis
1344 3068 1520 3140 humiliter
1532 3067 1691 3163 acquies-

278 3203 344 3266 cat.
366 3197 552 3290 Speremus
575 3195 667 3267 enim
693 3196 789 3289 quod
815 3195 1041 3269 marescalcus
1068 3196 1159 3291 ipse,
1186 3194 1274 3266 sicut
1302 3193 1384 3265 elim
1410 3201 1549 3265 strenue
1572 3201 1691 3265 centra

278 3319 516 3392 Mareualdum
535 3339 574 3392 se
589 3319 732 3409 babuit,
753 3319 804 3392 sic
827 3321 1042 3393 nuncetiam
1060 3319 1247 3415 prudenter
1264 3328 1299 3391 et
1316 3317 1462 3390 discrete
1480 3316 1642 3412 procedet
1658 3327 1693 3390 et

279 3442 410 3537 regiam
436 3443 474 3515 iu
498 3444 661 3517 omuibus
686 3445 839 3517 tuebitur
860 3444 1075 3538 dignitatem.
1095 3445 1276 3518 llfeuemus
1302 3443 1408 3537 igitur
1432 3441 1692 3516 universitatem

279 3575 430 3640 vestram
458 3577 493 3640 et
518 3567 741 3642 exhortamur
767 3571 931 3644 attentius
955 3579 990 3644 et
1014 3591 1076 3666 per
1103 3569 1290 3666 apostoliea
1313 3568 1440 3663 scripta
1469 3567 1694 3662 precipiendo

280 3691 486 3766 mandamus
503 3702 677 3789 quatenns
700 3697 947 3770 marescalcum
975 3696 1090 3793 ipsum
1112 3697 1202 3768 sicet
1228 3716 1409 3791 persenam
1436 3702 1587 3766 nostram
1605 3692 1694 3764 reci·

318 3927 354 3999 (l)
373 3927 482 3986 Scilicet
494 3930 582 4004 prima
598 3931 660 3989 rice
674 3935 708 3988 te
717 3932 785 4005 junii
805 3936 870 3992 raet
888 3933 961 4007 apud
981 3933 1099 4006 Capuam
1116 3931 1185 4003 (vid.
1197 3947 1277 4006 supra
1289 3947 1317 4004 p.
1330 3932 1374 4002 st,
1397 3935 1453 3988 uet.
1470 3929 1507 4003 ll,
1523 3935 1551 3986 et
1566 3928 1693 3999 secunda,

280 4037 373 4082 meuse
390 4025 509 4083 octobris
524 4027 596 4101 apud
613 4027 717 4086 Caums
736 4031 811 4103 juxta
830 4029 963 4088 Barolum.
984 4029 1024 4087 Cf.
1045 4031 1118 4087 cert.
1141 4030 1235 4084 leuce.
1255 4030 1314 4098 111,
1338 4043 1399 4103 cap.
1423 4027 1551 4098 XXXIV,
1568 4029 1641 4084 lticc.
1664 4024 1695 4082 de

280 4119 314 4178 S.
328 4123 418 4180 Germ.
428 4123 462 4180 ad
472 4139 572 4182 anuum
585 4129 664 4197 ⁴2⁰2,
678 4127 779 4184 rectius
792 4130 871 4198 laet,
882 4133 911 4185 ct
924 4127 1049 4186 carente.
1060 4127 1135 4184 Fue.
1146 4128 1247 4183 Nuces.
1256 4128 1313 4183 tam
1325 4125 1395 4182 bane
1408 4125 1543 4198 duplicem
1557 4123 1695 4181 victoriam

281 4215 338 4274 suis
350 4217 379 4274 iu
397 4217 581 4277 11οωίοωίοωί
600 4221 696 4295 legatis
713 4223 882 4280 nuntiaverat
897 4223 1030 4297 pontifex,
1045 4221 1142 4280 litteris
1160 4221 1298 4295 Anagniae
1314 4220 1421 4294 scriptis
1439 4219 1510 4276 circa
1532 4217 1612 4275 linem
1633 4219 1696 4275 anui

283 4314 348 4371 taor
360 4331 367 4384 ;
381 4330 428 4389 ap.
443 4317 564 4388 murs,
582 4317 683 4392 fleant.
697 4322 823 4394 imperit,
837 4327 857 4376 t.
870 4321 897 4390 l,
909 4338 938 4394 p.
953 4323 1017 4379 7⁴2.

320 4410 357 4484 (2)
377 4431 391 4465 r
406 4412 502 4472 fomes
514 4415 637 4488 Gentilis,
648 4423 757 4490 recepta
768 4418 891 4490 pecunia,
904 4419 975 4476 sicut
986 4417 1092 4492 publice
1104 4416 1253 4488 dicebatur,
1263 4421 1363 4472 turrem
1375 4414 1410 4472 ad
1420 4429 1493 4471 mare
1506 4412 1615 4470 tradidit
1625 4413 1695 4471 llar-

282 4508 376 4568 cualtle
392 4509 510 4585 abiitque
523 4515 684 4570 Messanam.
699 4513 868 4572 llurcuuldus
878 4530 942 4572 vere
957 4516 1117 4573 Panormum
1129 4514 1245 4572 obtinuit
1258 4517 1351 4570 ettam
1364 4511 1493 4584 palatium
1507 4525 1589 4584 quam
1604 4525 1695 4585 regem

282 4603 395 4662 iumrem
404 4611 564 4681 potestatem
576 4611 690 4684 accepit,
700 4611 850 4668 universam
859 4627 929 4685 pene
939 4611 1331 4686 Siciliampraeterblessauam
1340 4623 1404 4665 suas
1415 4606 1561 4681 subjugans
1567 4607 1695 4666 ditioni.»

282 4697 357 4758 ear.
371 4703 464 4762 imtec.
480 4707 537 4776 111,
554 4721 614 4782 cap.
627 4707 871 4768 XXXIX-XXXV.

363 4800 391 4866 1.
1499 4814 1535 4867 1²
