4382 5946
248 591 404 669 lunum.2.]
704 581 900 645 HISTORIA
926 579 1216 643 ulunolttlulcu.
1599 573 1658 636 291

248 726 442 801 Camiolam
464 730 499 795 et
522 721 654 794 lstriam
675 741 760 792 eum
785 719 944 792 comitatu
975 727 1009 790 et
1035 717 1164 790 honore
1191 723 1225 788 et
1247 711 1419 786 universis
1444 711 1658 807 pertinentiis

250 853 415 945 omnique
439 850 517 942 jure
543 847 733 942 imperiali,
757 845 951 919 secundnm
975 841 1070 938 quod
1095 842 1140 913 ab
1165 848 1377 912 antecessore
1399 845 1514 910 nostro
1536 835 1660 908 Ottone

251 977 468 1071 imperatore,
487 981 570 1044 tunc
588 979 778 1064 amenego,
799 968 1011 1064 aquilejensi
1026 966 1169 1040 ecclesie
1183 963 1245 1062 (a),
1262 963 1307 1037 de
1323 961 1465 1036 consilio
1483 969 1517 1034 st
1537 963 1660 1034 volun-

251 1108 321 1172 tate
336 1097 551 1193 principum,
572 1093 703 1167 ratione
725 1093 945 1189 antiquorum
964 1090 1223 1187 privilegiorum
1241 1109 1402 1176 suorum,
1421 1087 1529 1159 libere
1545 1093 1580 1159 el
1596 1085 1663 1158 ab·

253 1223 364 1295 solute
388 1219 585 1294 Wolcherio
608 1217 800 1315 patriarche
820 1216 1018 1313 supradicto
1043 1230 1078 1287 et
1095 1237 1157 1310 per
1185 1237 1264 1286 eum
1286 1211 1498 1307 Aquilejensi
1520 1210 1663 1284 ecclesie

254 1347 291 1418 in
315 1353 519 1442 perpetuum
543 1341 794 1438 possidendum
820 1340 964 1414 donavit
991 1349 1095 1435 atque
1117 1339 1302 1430 concessit,
1330 1349 1435 1432 atque
1461 1345 1527 1409 suo'
1551 1335 1664 1431 privi-

254 1470 346 1565 legio
379 1469 543 1558 donavit,
573 1477 678 1562 atque
705 1465 921 1540 confirmavit
945 1463 1018 1561 (l);
1049 1465 1094 1538 ad
1121 1463 1186 1537 hec
1212 1473 1245 1538 et
1265 1485 1384 1537 omnes
1409 1463 1660 1559 possessiones,

255 1595 488 1686 omniabona,
502 1593 619 1666 omnia
631 1594 721 1686 jura,
741 1591 905 1682 districta,
927 1591 1099 1684 thelonea,
1117 1591 1272 1685 ripatica,
1286 1611 1355 1682 que
1372 1589 1502 1683 prefata
1521 1575 1666 1660 ecclesia

255 1719 293 1790 in
307 1718 557 1815 presentiarum
572 1715 726 1814 possidet
738 1717 796 1790 vel
810 1717 846 1787 in
861 1718 1015 1788 futurum
1033 1715 1212 1809 largitione
1227 1721 1343 1786 nostra
1360 1713 1416 1785 vel
1430 1733 1665 1784 successorum

257 1852 451 1916 nostrorum
473 1863 594 1936 regum
615 1863 677 1914 sen
702 1841 968 1937 imperatorum,
989 1840 1208 1913 concessione
1226 1837 1445 1934 pontificum,
1466 1835 1667 1932 liberalitate

257 1969 467 2064 principum,
488 1966 660 2039 oblatione
680 1963 836 2040 fidelium
851 1987 912 2038 seu
928 1966 1031 2058 justis
1049 1963 1156 2036 titulis
1173 1965 1245 2036 Deo
1261 1963 1408 2058 propitio
1433 1959 1578 2056 adipisci
1603 1981 1666 2056 po·

258 2091 357 2181 terit,
379 2089 493 2164 eidem
511 2089 703 2163 Wolcherio
725 2098 760 2164 ct
785 2089 929 2164 ecclesie
950 2089 1164 2184 Aquilejensi
1188 2111 1228 2160 ac
1254 2089 1326 2160 suis
1352 2085 1607 2160 successoribus
1632 2085 1668 2155 in

257 2215 411 2308 generali
427 2215 523 2288 curia
539 2223 655 2288 nostra
668 2214 764 2312 apud
776 2213 983 2309 Augustam,
1002 2215 1047 2288 de
1063 2213 1205 2286 consilio
1219 2222 1253 2286 et
1266 2213 1443 2286 voluntate
1457 2211 1667 2308 principum,

258 2349 427 2436 perpetuo
442 2339 603 2414 habenda
620 2349 655 2412 et
672 2339 883 2436 possidenda
899 2338 1142 2413 confirmamus
1160 2347 1194 2412 et
1211 2339 1360 2434 presenti
1379 2335 1561 2433 privilegio
1576 2357 1670 2408 com-
1773 2347 1779 2358 '

259 2465 449 2538 munimus.
471 2467 664 2538 statuentes
685 2474 725 2536 nt
747 2465 834 2537 nulli
855 2465 995 2536 omnino
1019 2463 1151 2536 homini
1176 2463 1275 2534 liceat
1300 2463 1467 2556 prefatam
1490 2460 1671 2533 ecclesiam

260 2589 463 2685 perturbare
483 2589 540 2662 vel
560 2591 635 2683 ejus
658 2589 910 2684 possessionem
935 2589 1088 2680 anferre,
1114 2586 1178 2660 sed
1204 2587 1320 2660 omnia
1344 2594 1589 2659 conserventur
1613 2586 1672 2656 in-

261 2723 357 2806 tegra
375 2723 410 2787 et
429 2715 545 2806 illesa,
563 2714 732 2787 voluntati
749 2723 784 2786 et
800 2713 1016 2809 dispositioni
1032 2713 1154 2809 prelati
1176 2710 1366 2808 patriarche
1384 2719 1418 2783 et
1435 2731 1671 2782 successorum

234 2885 238 2894 ·
259 2860 405 2912 suorum
432 2839 545 2913 modis
575 2840 737 2912 omnibus
762 2841 953 2936 profutura.
976 2841 1144 2912 Volumus
1160 2839 1263 2912 eliam
1283 2837 1379 2933 quod
1398 2834 1596 2932 supradicta
1612 2857 1669 2908 ec·

262 2962 366 3036 clesia
390 2961 620 3056 Aquilejensis
641 2973 675 3035 et
679 3015 892 3036 .......
915 2972 950 3036 et
967 2984 1063 3036 sacre
1080 2962 1266 3056 majestatis
1283 2961 1465 3058 privilegio
1482 2959 1570 3034 adeo
1592 2981 1671 3032 mu·

262 3088 335 3160 nita
351 3095 385 3160 et
402 3087 544 3161 defensa
561 3087 705 3177 existat,
724 3097 764 3159 ut
779 3087 809 3160 si
827 3089 912 3161 sorte
928 3109 1012 3161 casu
1030 3088 1145 3182 aliquo
1166 3088 1282 3161 omnia
1301 3088 1527 3159 instrumenta
1548 3094 1582 3157 et
1603 3085 1674 3180 pri·

263 3211 392 3306 vilegia
413 3234 496 3306 sua,
512 3211 609 3308 quod
621 3213 713 3285 Deus
725 3220 873 3302 avertat,
891 3211 1069 3308 perderet,
1090 3211 1176 3282 nihil
1192 3213 1325 3304 jactura
1348 3233 1412 3284 nec
1434 3209 1674 3283 diminutionis

264 3336 444 3424 sustineat,
456 3335 519 3409 sed
530 3336 620 3409 hanc
631 3336 793 3431 paginam
807 3336 884 3408 loco
896 3336 1154 3431 privilegiorum
1167 3345 1202 3408 et
1214 3336 1518 3410 instrumentorum
1532 3335 1671 3410 habeat.

263 3459 388 3554 Siqua
408 3459 512 3554 igitur
530 3461 567 3532 in
586 3462 742 3534 sutorum
759 3482 906 3556 persona
924 3470 1042 3534 contra
1055 3462 1144 3534 hanc
1157 3468 1272 3533 nostre
1284 3460 1498 3534 celsitudinis
1512 3459 1676 3558 paginam

263 3585 384 3657 venire
410 3586 677 3681 presumpserit,
698 3593 813 3659 nostre
834 3586 1022 3678 majestatis
1046 3585 1319 3680 indignationem
1344 3607 1382 3658 se
1401 3585 1538 3659 noverit
1559 3586 1676 3660 incur·

264 3729 386 3780 surum
408 3717 442 3781 et
460 3710 602 3805 insuper
619 3710 713 3783 mille
729 3711 835 3784 libras
851 3709 928 3784 auri
947 3709 1121 3806 purissimi
1143 3709 1276 3783 solvere
1292 3719 1465 3801 teneatur3
1487 3710 1679 3807 dequibus

266 3831 486 3907 medietatem
510 3856 645 3908 camere
666 3843 782 3908 nostre
800 3843 835 3908 et
852 3833 1070 3909 medietatem
1095 3835 1285 3932 patriarche
1302 3833 1515 3932 Aquilejensi
1537 3836 1599 3932 qni
1616 3857 1679 3932 pro

266 3965 420 4054 tempore
442 3959 564 4051 luerit,
588 3961 772 4055 persolvat.
795 3961 839 4033 Et
855 3961 1080 4035 nihilominus
1097 3970 1212 4037 nostra
1229 3961 1398 4035 institutio
1415 3971 1450 4036 et
1468 3959 1679 4036 confirmatio

269 4079 367 4156 firma
385 4092 523 4156 maneat
539 4093 574 4157 et
590 4085 806 4160 inconcussa.

311 4259 353 4340 (a)
372 4261 469 4324 Locus
486 4262 650 4324 arridetur
662 4263 804 4340 mutilus,
823 4263 896 4326 dnm
911 4281 943 4326 se
960 4264 1000 4326 ad
1014 4263 1106 4326 dnem
1120 4264 1236 4344 phrasls
1248 4263 1334 4328 uuus
1349 4279 1410 4326 non
1426 4265 1637 4328 accommodet.

307 4548 343 4623 (t)
362 4548 412 4606 llic
425 4549 512 4624 agitur
524 4551 558 4610 de
572 4551 710 4627 privilegio
721 4553 756 4612 ab
767 4553 865 4612 Ottone
879 4569 1023 4627 concesso,
1037 4569 1131 4613 mense
1141 4553 1263 4628 januario
1275 4559 1306 4612 ut
1315 4553 1420 4613 videtur
1435 4555 1498 4614 anni
1514 4559 1594 4631 ⁴209,
1607 4557 1679 4634 apud

268 4643 426 4718 Augustam.
436 4645 497 4705 l'id.
508 4647 649 4722 Uennoni,
664 4649 730 4707 ltol.
748 4667 841 4720 sacra,
856 4657 877 4708 t.
887 4653 922 4724 V,
934 4669 964 4726 p.
974 4653 1019 4709 78.
1030 4651 1182 4711 Notandum
1194 4650 1293 4726 quibus
1306 4651 1398 4712 verbis
1411 4649 1561 4716 l'ridericus
1575 4661 1678 4732 utatur,

266 4742 469 4803 concessionem
478 4743 513 4804 ab
523 4745 631 4808 inimico
643 4762 693 4808 suo
707 4747 805 4809 lectam
815 4765 977 4809 memorans.
