4434 5942
534 527 573 588 lt
1033 525 1246 589 ruinnaldi
1270 527 1447 590 suenum
1757 530 1838 614 [dua.
1857 533 1944 596 1198.

531 666 654 737 Sancte
676 662 783 734 Marie
799 661 844 734 de
861 662 980 734 Latina
999 661 1036 732 in
1054 683 1161 754 regno
1176 671 1292 734 nostro
1313 664 1405 755 juste
1425 671 1517 736 tono
1538 673 1574 736 et
1596 664 1748 759 possidet
1768 675 1802 739 et
1820 667 1866 741 de
1883 689 1947 741 ce-

529 797 602 862 tero
616 789 711 879 justo
728 787 828 858 titulo
844 787 970 882 poterit
985 787 1145 882 adipisci,
1162 788 1311 882 presenti
1328 795 1442 860 nostra
1458 788 1670 862 auctoritatis
1681 791 1808 885 pagina
1822 791 1945 864 confir-

528 935 675 984 mamus.
689 911 863 1002 llisigitur
875 911 1049 1002 omnibus,
1065 911 1355 1005 sicutpredictum
1368 921 1432 999 est,
1449 912 1564 986 eidem
1575 915 1781 989 monasterio
1796 927 1945 990 anostra

529 1036 733 1109 celsitudine
747 1021 974 1122 confirmatis,
994 1055 1114 1106 omues
1131 1035 1303 1130 predictas
1321 1036 1549 1126 obedientias,
1569 1039 1695 1111 casalia
1707 1047 1741 1112 et
1757 1039 1944 1114 lenimenta

526 1185 606 1234 oum
637 1161 835 1233 hominibus
857 1170 891 1232 et
915 1159 1018 1232 rebus
1042 1181 1162 1232 eorum
1187 1161 1254 1233 sub
1282 1162 1387 1234 nostri
1416 1163 1627 1258 protectione
1656 1163 1816 1236 culminis
1843 1185 1943 1236 assu

526 1296 675 1372 mentes,
696 1285 867 1357 universis
885 1284 1010 1356 nostris
1032 1283 1194 1356 fidelibus
1214 1293 1406 1379 presentem
1425 1285 1588 1381 paginam
1605 1285 1811 1381 inspecturis
1827 1286 1943 1382 preci-

524 1412 639 1508 pimus
653 1420 687 1482 et
702 1411 768 1481 sub
786 1410 928 1481 obtentu
944 1419 1058 1480 nostre
1080 1409 1189 1502 gratie
1207 1409 1431 1504 prohibemus
1448 1419 1488 1482 ut
1510 1411 1627 1482 nullos
1650 1411 1696 1484 da
1722 1419 1835 1484 cetero
1861 1434 1942 1508 pre-

525 1535 635 1608 dictas
662 1531 876 1606 obedientias
905 1533 962 1605 vel
990 1533 1265 1627 prenominatum
1289 1534 1448 1608 abbatom
1475 1533 1634 1627 jamdicti
1661 1535 1858 1609 monasterii
1884 1537 1941 1610 vol

523 1661 656 1757 priores
664 1681 727 1731 seu
741 1658 899 1730 homines
918 1678 1037 1730 eorum
1056 1657 1101 1730 de
1118 1658 1325 1746 tenimentis,
1340 1658 1615 1754 possessionibus
1629 1667 1664 1731 et
1674 1659 1779 1732 rebus
1795 1669 1942 1734 anostra

525 1783 730 1858 celsitudine
746 1781 955 1855 confirmatis
974 1791 1151 1878 presumat
1167 1783 1384 1877 aliquatenus
1400 1785 1581 1858 molestare
1596 1785 1652 1857 vel
1670 1783 1859 1856 indebitam
1873 1783 1941 1858 sibi

526 1907 743 1980 exactionem
756 1907 898 1991 interre;
920 1907 948 1977 si
961 1906 1041 1999 quis
1055 1915 1168 1979 notem
1187 1929 1274 1979 ausu
1291 1909 1472 1982 temerario
1487 1908 1607 1981 venire
1623 1908 1807 1980 tantaverit
1823 1916 1941 1982 contra

526 2033 592 2104 hoc
614 2040 728 2104 nostre
748 2031 939 2103 serenitatis
954 2030 1127 2121 edictum,
1147 2031 1419 2126 indignationem
1442 2053 1480 2105 se
1502 2041 1653 2104 nostram
1670 2033 1806 2104 noverit
1823 2031 1940 2104 incur·

527 2179 660 2230 surum.
688 2155 745 2230 Ad
768 2157 872 2248 hujus
900 2165 1015 2228 antem
1040 2165 1155 2229 nostre
1173 2155 1441 2230 confirmationis
1460 2157 1683 2249 memoriam,
1707 2156 1774 2228 hcc
1797 2177 1940 2252 presens

525 2283 746 2380 privilegium
762 2281 876 2354 eidem
889 2280 1097 2353 monasterio
1114 2279 1188 2352 fieri
1200 2281 1344 2354 lecimus
1358 2290 1392 2354 et
1405 2279 1517 2375 sigilio
1534 2289 1649 2354 nostro
1662 2301 1761 2354 cereo
1772 2280 1940 2373 jussimus

526 2406 743 2480 communiri.

573 2532 698 2602 Datum
708 2530 743 2601 in
754 2529 843 2602 felici
855 2529 940 2602 urbe
948 2529 1223 2620 Panormi‚anno
1232 2528 1478 2602 incarnationis
1486 2527 1660 2604 dominica
1670 2525 1882 2624 Mcxcvln(
1906 2525 1935 2624 ),

523 2675 641 2726 mense
658 2653 822 2744 octobris,
836 2653 866 2724 ll
883 2652 1082 2726 indictione.

771 2964 983 2974 ——n-——u—
989 2964 1496 2974 Ἥκω-...-
1504 2965 1585 2972 -..,..,.
1591 2965 1620 2972 ...
1632 2965 1648 2972 .-

370 3281 461 3370 κω,
576 3245 818 3331 Innocentius
832 3269 931 3354 papa
944 3243 1129 3327 universis
1143 3244 1388 3328 ecclesiarum
1401 3243 1578 3354 praelatis
1591 3243 1631 3324 iu
1646 3241 1937 3326 Siciliaoonsti-

521 3383 614 3467 tutis
645 3390 781 3463 notum
808 3378 898 3460 iacit
924 3403 965 3460 se
993 3379 1042 3460 nd
1063 3379 1166 3486 ipsos
1197 3379 1450 3464 Octavianum
1478 3377 1692 3462 Ostiensem
1717 3375 1937 3484 episcopum

524 3515 761 3626 Apostolioae
779 3513 887 3594 Sedis
902 3511 1072 3621 legatum
1088 3512 1294 3619 destinare,
1314 3513 1381 3622 qui
1394 3535 1558 3621 regnum
1571 3509 1612 3591 in
1629 3535 1723 3620 pace
1735 3517 1773 3592 et
1785 3509 1825 3590 in
1838 3507 1938 3590 fide-

521 3651 627 3733 litate
646 3645 887 3730 Coustantiae
900 3653 938 3726 et
950 3643 1127 3727 Friderici
1146 3644 1228 3756 ejus
1246 3644 1314 3727 filii
1328 3644 1508 3728 stabiliat.

605 3865 695 3946 (Edit.
710 3867 743 3924 ln
755 3858 880 3944 Epistol.
895 3865 1042 3924 romunt.
1058 3863 1116 3940 111,
1132 3862 1185 3924 llb.
1201 3865 1233 3939 1,
1246 3873 1279 3924 n·
1290 3871 1365 3940 tlt,
1379 3879 1429 3940 ap.
1442 3861 1611 3936 Bonnam.
1627 3861 1659 3936 Ι,
1673 3877 1704 3939 p.
1717 3859 1798 3936 att.)

571 4053 804 4144 Innocentius,
824 4061 907 4145 stc,
922 4051 1201 4148 archiepiscopis,
1215 4049 1606 4148 episcopis,abbatibus,
1618 4047 1791 4145 prioribus
1805 4057 1840 4120 et
1851 4047 1936 4119 uni-

521 4180 631 4254 versis
656 4177 876 4250 ecclesiarum
902 4177 1039 4272 prelatis
1061 4179 1097 4248 in
1116 4175 1232 4249 Sicilia
1260 4175 1471 4264 constitutis,
1490 4185 1558 4248 etc.
1579 4173 1829 4248 Persecutionis
1852 4173 1934 4245 olim

554 4489 590 4560 lt)
609 4489 717 4560 Legitur
731 4502 774 4560 ap.
787 4485 892 4542 Pirrum
907 4502 914 4540 ε
928 4501 995 4542 ono.
1010 4487 1118 4540 incarn.
1132 4481 1284 4538 dominicos
1299 4483 1377 4539 atta.
1390 4481 1427 4539 At
1438 4483 1538 4542 menda
1549 4483 1661 4576 euidens
1673 4487 1725 4552 est,
1737 4485 1837 4539 tumor
1846 4481 1931 4538 indic·

518 4584 598 4642 tionis
615 4599 742 4656 numero,
760 4589 819 4640 tum
839 4583 902 4657 quia
921 4581 1076 4641 Consualia
1093 4580 1250 4654 imperatrix
1270 4595 1365 4638 mense
1383 4579 1502 4639 octobris
1524 4577 1587 4640 anni
1610 4583 1679 4638 tlte
1698 4579 1857 4654 jamdudum
1878 4577 1933 4638 rita

517 4683 609 4740 iuncta
621 4681 707 4739 luerit.
