4382 5946
553 507 614 568 ato
1053 505 1267 566 ElllllElllCl
1292 507 1463 566 SECUNlll
1773 508 1855 586 [An.
1874 508 1959 572 tata

555 649 671 716 autem
693 638 844 712 heretice
862 637 1040 733 pravitatis
1056 659 1188 728 errore,
1204 640 1375 714 auxilium
1388 639 1549 714 dabimus
1566 651 1601 714 at
1617 663 1758 738 opernm
1774 643 1958 717 efficacem.

554 765 792 838 Possessioncs
808 762 913 835 etiam
930 785 1019 857 quas
1036 763 1188 836 Ecclesia
1210 765 1361 838 itomana
1386 765 1601 860 temperavit
1623 767 1669 838 ab
1692 769 1961 842 autoeessoribus

555 890 680 962 nostris
694 911 757 962 seu
771 887 1070 982 quibuslibetaliis
1080 898 1160 960 anta
1170 889 1337 980 detentas,
1350 890 1474 963 liberas
1490 900 1526 962 et
1538 890 1750 986 quietassibi
1762 890 1962 964 dimittimus

554 1023 590 1088 et
605 1014 716 1110 ipsam
734 1011 781 1084 ad
796 990 856 1085 eas
870 1012 1075 1086 obtinendas
1100 1013 1191 1086 bona
1209 1013 1279 1086 lide
1292 1015 1523 1109 promittimus
1540 1014 1724 1107 adjuvare,
1743 1037 1832 1110 quas
1848 1026 1961 1088 autem

555 1136 711 1210 nondum
726 1137 993 1232 recuperaverit,
1011 1137 1058 1209 ad
1076 1138 1349 1231 recuperandum
1369 1159 1431 1233 pro
1443 1138 1578 1212 viribus
1592 1138 1720 1210 erimus
1733 1138 1960 1232 coadjutores,

554 1270 589 1334 et
611 1281 830 1354 quecumque
854 1260 900 1332 ad
921 1281 1045 1332 manus
1063 1271 1195 1332 nostras
1217 1261 1402 1334 devenient
1418 1261 1493 1334 sine
1518 1261 1718 1334 difficultate
1734 1283 1776 1334 ac
1793 1285 1889 1336 mora
1907 1286 1962 1336 eas

556 1384 734 1458 restituere
745 1383 1092 1478 satagemusddhas
1105 1383 1331 1479 pertinettota
1345 1395 1432 1456 terra
1445 1407 1516 1480 que
1529 1395 1581 1457 est
1593 1407 1616 1457 a
1628 1385 1837 1458 lladicolano
1855 1407 1963 1481 usque

556 1509 782 1605 ceperanum,
794 1507 948 1580 marchia
963 1505 1191 1598 Anconitana,
1208 1507 1355 1580 ducatus
1369 1509 1584 1604 Spoletanus,
1599 1519 1687 1582 terra
1702 1509 1874 1582 comitisse
1890 1511 1963 1585 lla-

556 1633 692 1725 thildis,
708 1633 891 1706 comitatus
914 1631 1123 1722 Brittanorii‚
1146 1632 1352 1706 exarchatus
1366 1635 1544 1724 llavenne,
1562 1633 1773 1730 Pentapolis,
1795 1655 1876 1706 cum
1891 1635 1963 1706 aliis

556 1757 793 1852 adjacentibus
817 1757 915 1828 terris
938 1756 1111 1852 expressis
1128 1757 1164 1828 in
1186 1757 1303 1828 multis
1328 1757 1517 1854 privilegiis
1534 1758 1777 1852 imperatorum
1795 1767 1830 1830 et
1847 1779 1963 1852 regum

557 1904 578 1954 a
606 1890 757 1975 tempore
780 1877 982 1968 Ludowici,
1009 1887 1048 1950 ut
1072 1901 1131 1952 aas
1160 1879 1287 1952 habeat
1308 1881 1461 1952 Romana
1487 1881 1640 1954 Ecclesia
1670 1880 1707 1952 in
1736 1891 1961 1976 perpetuum,

558 2027 637 2076 cum
664 2003 759 2077 omni
781 2002 1033 2096 jurisdictione,
1061 2003 1219 2076 districtu
1246 2014 1280 2076 et
1304 2003 1434 2076 honore
1457 2025 1534 2078 suo.
1554 2007 1797 2076 Verumtamen
1820 2027 1899 2076 cnm
1921 2005 1964 2078 ad

558 2126 792 2223 recipiendam
814 2148 975 2200 coronam
1001 2127 1136 2222 imperii
1156 2127 1211 2198 vel
1230 2149 1291 2223 pro
1312 2128 1572 2200 necessitatibus
1589 2127 1741 2200 Ecclesia
1758 2125 1804 2202 ab
1820 2129 1964 2224 Aposto-

559 2251 624 2324 lica
656 2251 745 2326 Sede
771 2251 885 2325 vocati
912 2251 1134 2338 venerimus,
1161 2249 1207 2323 de
1236 2250 1398 2324 mandato
1421 2253 1547 2336 summi
1573 2250 1745 2348 pontilicis
1764 2254 1964 2348 recipiemus

561 2375 816 2470 procurationes
844 2376 920 2448 sive
952 2374 1087 2447 iodrum
1116 2375 1266 2446 abillis.
1302 2375 1428 2448 Omnia
1457 2376 1563 2470 igitur
1590 2375 1787 2472 supradicta
1816 2387 1851 2448 et
1875 2399 1963 2472 que-

560 2501 786 2596 cumquealia
798 2501 970 2596 pertinent
983 2499 1028 2573 ad
1046 2501 1233 2572 Romanam
1246 2499 1502 2591 Ecclesiam,de
1514 2501 1734 2574 voluntateet
1747 2502 1961 2592 conscientia,

560 2625 703 2698 consilio
719 2634 753 2700 et
769 2646 937 2698 consensu
956 2624 1149 2720 principum
1169 2623 1316 2718 imperii,
1327 2623 1434 2695 libere
1443 2624 1492 2694 illi
1502 2623 1719 2714 dimittimus,
1730 2625 1965 2698 renunciamus

560 2757 597 2822 et
615 2749 843 2840 restituimus,
862 2769 996 2821 necnon
1009 2746 1053 2820 ad
1072 2769 1208 2820 omnem
1222 2748 1425 2842 scrupulum
1445 2747 1712 2838 removendum,
1732 2759 1834 2844 prout
1849 2748 1966 2820 melius

565 2875 655 2946 valet
672 2885 707 2946 et
722 2873 895 2946 efficacius
910 2872 1074 2967 intelligi,
1096 2871 1331 2964 concedimus,
1345 2873 1566 2962 conferimus,
1580 2872 1763 2960 dommus,
1782 2883 1821 2944 ut
1837 2873 1966 2946 sublata

564 2997 676 3068 omnis
698 2996 926 3068 contentionis
942 3006 975 3068 et
991 2995 1217 3068 dissensionis
1233 2996 1392 3086 materia,
1409 2995 1507 3068 lirma
1524 3017 1596 3092 pax
1612 3005 1647 3069 et
1668 2997 1771 3091 plena
1789 2995 1966 3070 concordia

564 3121 599 3192 in
623 3127 829 3216 perpetuum
855 3118 943 3190 iuter
969 3118 1147 3190 ecclesiam
1174 3127 1209 3190 et
1240 3117 1422 3214 imperium
1459 3127 1679 3214 perseverent
1699 3117 1764 3216 (a).
1790 3117 1968 3210 Adjuteres

561 3244 667 3318 etiam
685 3243 814 3316 erimus
830 3241 876 3316 ad
893 3241 1111 3314 retinendum
1123 3241 1215 3316 etad
1228 3240 1487 3315 defendendum
1498 3241 1650 3314 Ecclesie
1661 3243 1812 3315 llomaue
1826 3263 1968 3337 regnunt

561 3367 678 3442 Sicilie
690 3363 784 3465 [cum
802 3365 965 3440 omnibus
981 3364 1027 3438 ad
1044 3366 1158 3460 ipsum
1174 3365 1407 3462 spectantibus
1423 3375 1493 3438 tam
1511 3367 1596 3438 citra
1611 3367 1734 3440 Fanum
1749 3388 1854 3461 qoam
1869 3367 1966 3452 ultra,

564 3513 697 3564 necnon
719 3489 889 3564 Corsicam
907 3497 942 3561 et
959 3489 1168 3578 Sardiniam]
1187 3487 1236 3584 (b)
1255 3510 1296 3562 ac
1313 3499 1426 3563 catera
1440 3491 1519 3583 jura
1539 3511 1609 3586 que
1633 3489 1679 3564 ad
1702 3513 1778 3564 eam
1802 3491 1969 3586 pertinere

564 3623 764 3706 noscuntur,
787 3623 949 3708 tanquam
972 3613 1119 3688 devotus
1136 3613 1227 3688 lilius
1249 3623 1284 3688 et
1308 3615 1496 3688 catholicus
1517 3616 1690 3712 princeps.
1714 3616 1758 3690 Ut
1778 3625 1893 3688 autern
1910 3615 1970 3686 hec

560 3739 682 3813 omnia
696 3739 796 3810 vohis
811 3749 998 3811 memorato
1013 3739 1227 3812 sanctissimo
1248 3740 1337 3836 patri
1356 3749 1471 3813 nostro
1487 3740 1627 3814 domino
1640 3739 1850 3829 Innocentio,
1863 3759 1970 3812 sacro

565 3869 682 3936 sancte
698 3861 849 3934 Romane
862 3861 1014 3935 Ecclesia
1027 3882 1164 3936 summo
1179 3861 1346 3960 pontifici,
1359 3865 1552 3960 vestrisque
1565 3863 1820 3938 successoribus
1835 3887 1896 3960 per
1911 3885 1972 3938 nos

560 3995 599 4060 et
616 3993 748 4058 nostros
763 4005 977 4058 successores
994 3986 1224 4060 Romanorum
1245 4009 1345 4080 reges
1366 3995 1401 4060 et
1422 3988 1646 4084 imperatores
1665 3986 1890 4060 observentur
1913 3986 1973 4058 lir-

566 4131 692 4204 rnaque
708 4119 743 4180 et
758 4109 958 4182 inconvulsa
979 4131 1117 4206 semper
1140 4123 1383 4208 permaneant,
1401 4131 1546 4208 presens
1559 4110 1778 4206 privilegium
1796 4109 1974 4204 conscrip-

565 4243 639 4306 tum
658 4231 843 4326 majestatis
861 4245 975 4308 nostre
995 4255 1099 4308 aurea
1118 4235 1213 4308 bulla
1228 4235 1396 4328 jussimus
1408 4235 1627 4310 communiri.

611 4407 652 4490 (a)
673 4411 767 4472 Tutus
784 4413 841 4472 late
857 4411 956 4486 locus,
972 4429 991 4472 a
1004 4412 1102 4473 verbis
1118 4411 1224 4474 Omnia
1240 4411 1333 4492 icitur
1347 4429 1443 4490 usque
1455 4412 1494 4474 ud
1502 4417 1700 4492 prnwermt,
1717 4409 1800 4472 deest
1813 4425 1862 4488 ap.
1877 4409 1974 4481 Perta,

564 4519 620 4595 qul
633 4523 732 4578 tamen
745 4533 784 4578 ex
797 4519 932 4596 orlgtnnlt
945 4520 977 4580 ln
990 4517 1135 4580 arunte
1148 4519 1292 4582 Vaticano
1305 4535 1394 4582 sunm
1406 4519 1558 4600 exemplar
1574 4519 1764 4598 exncdpslntc
1776 4516 1897 4578 latent·

611 4619 651 4700 (b)
672 4622 753 4683 Haec
765 4625 849 4686 uncle
862 4625 978 4686 inclusa
990 4623 1097 4687 danne
1109 4641 1228 4704 quoque
1241 4624 1321 4706 apud
1333 4627 1430 4690 Perta.
