4378 5954
548 551 606 612 118
1045 552 1258 612 FRllllllllCl
1283 552 1457 614 sacuam
1772 550 1853 633 [aar.
1872 551 1961 616 laet.

545 687 629 758 mini
657 686 762 760 nostri
781 687 944 761 Friderici
967 685 1029 758 Dei
1053 687 1162 780 gratia
1179 687 1396 760 invictissimi
1412 685 1504 782 regia
1517 687 1650 778 Sicilie,
1672 687 1821 762 ducatus
1837 686 1964 784 Apulia

544 821 579 884 et
597 810 810 907 principatus
828 811 944 906 Capua
964 807 1084 910 [an]no
1101 821 1240 910 octavo,
1262 812 1417 886 feliciter.
1437 810 1564 886 Amen.

786 1094 1709 1108 *mmm—-

358 1347 494 1446 laggai·
597 1345 809 1428 Fridericns
827 1371 894 1428 rex
912 1346 1062 1429 Siciliae
1078 1349 1308 1433 monasterio
1327 1348 1455 1432 Sancti
1472 1347 1655 1433 Iohannis
1674 1349 1778 1460 apud
1802 1349 1958 1433 Panor-

543 1505 652 1562 mum
670 1479 867 1590 quoddam
884 1480 1147 1564 molendinum
1166 1483 1298 1586 donat,
1319 1483 1523 1594 omniaque
1541 1483 1756 1596 privilegia,
1777 1483 1960 1566 immuni-

542 1623 638 1696 tates
670 1623 707 1694 et
734 1613 1016 1723 praerogativas
1048 1613 1097 1698 ab
1130 1615 1430 1700 antecessoribus
1463 1617 1543 1700 suis
1572 1617 1696 1700 eidem
1727 1615 1959 1700 monasterio

543 1773 741 1830 concessas
758 1745 971 1828 confirmat.

626 1961 793 2041 (ttamorat.
808 1977 857 2038 ap.
872 1961 1082 2038 Mourimene,
1099 1959 1231 2044 Canop.
1245 1963 1399 2046 nfirma
1411 1959 1459 2022 det
1470 1959 1591 2042 diplom
1606 1959 1657 2022 nrt
1666 1959 1746 2024 arel.
1762 1959 1911 2041 menapos
1926 1959 1959 2022 di

662 2065 807 2144 Paterno,
822 2077 856 2128 n'
871 2079 921 2148 at,
935 2069 1020 2130 scalt.
1037 2071 1080 2142 X3
1096 2087 1134 2130 ex
1147 2071 1282 2148 orlgtnatl
1298 2070 1378 2132 unde
1391 2069 1521 2148 stgtllum
1533 2069 1671 2132 avulsum
1684 2077 1739 2132 est.
1754 2070 1791 2130 In
1804 2070 1957 2130 mbulartts

663 2175 750 2238 MSS.
765 2175 863 2236 Amici
876 2182 905 2236 et
919 2176 1038 2237 Schiavi
1051 2177 1126 2238 hacc
1137 2178 1318 2238 desideratur
1330 2179 1466 2252 mentlc.)

593 2365 736 2452 Datum,
758 2371 841 2454 etc,
866 2385 957 2436 anno
976 2363 1151 2436 dominice
1173 2363 1418 2436 incarnationis
1439 2361 1603 2455 MCCVll,
1625 2384 1743 2435 mense
1765 2363 1874 2452 maio,
1894 2365 1957 2433 in-

544 2489 692 2562 dictione
709 2486 768 2558 lX.

354 2899 500 3039 [532¹pr
593 2919 834 3008 Innocentius
855 2940 955 3026 papa
972 2939 1105 2998 omnes
1125 2913 1274 2997 Gaietos
1292 2921 1330 2994 et
1348 2913 1575 2996 Sarracenos
1593 2939 1661 3021 per
1679 2913 1847 2996 Siciliam
1864 2941 1958 2998 con·

540 3059 691 3142 stitutos
718 3051 960 3138 commendat
981 3047 1086 3158 quod
1104 3073 1128 3129 a
1148 3045 1339 3128 fidelitatis
1366 3046 1579 3128 constantia
1605 3073 1698 3157 erga
1722 3047 1956 3131 Fridericum

542 3191 690 3276 Siciliae
715 3212 845 3297 regem
872 3209 950 3266 non
979 3181 1221 3286 recesserint,
1241 3180 1492 3288 hortaturque
1515 3189 1558 3261 ut
1574 3179 1615 3259 in
1633 3205 1679 3260 ea
1696 3191 1952 3288 perseverent,

540 3351 661 3436 quum
679 3348 746 3404 rea
764 3321 845 3429 ipse
866 3318 907 3398 in
929 3315 1103 3425 proximo
1128 3338 1262 3396 eorum
1289 3312 1479 3396 devotioni
1506 3337 1676 3423 congrua
1698 3312 1955 3422 praemiorum

538 3455 797 3545 vicissitudine
814 3450 1042 3560 respondere
1059 3447 1192 3558 possit.

623 3670 720 3752 (Edld.
735 3670 924 3742 Basonronu,
936 3665 1035 3726 innoc.
1050 3662 1099 3722 111
1107 3657 1230 3742 epact,
1245 3661 1297 3724 llb.
1315 3661 1376 3736 lx,
1391 3665 1416 3724 t.
1431 3661 1478 3737 11,
1491 3677 1523 3740 p.
1534 3659 1617 3742 ata.)

592 3855 845 3959 [Innocentius‚
864 3849 947 3950 ete]
967 3848 1140 3923 Archadio
1158 3811 1193 3921 et
1210 3846 1382 3920 universis
1399 3845 1526 3918 Gaietis
1541 3845 1593 3943 (a)
1614 3845 1767 3938 antella,
1796 3849 1952 3943 Platane,

540 3985 632 4076 laci,
651 3982 738 4056 Celsi
762 3979 815 4078 (t)
834 3987 868 4052 et
884 3975 1045 4050 omnibus
1063 3973 1191 4046 Gaietis
1209 3981 1245 4045 et
1262 3971 1456 4044 Sarracenis
1478 3993 1540 4067 per
1563 3969 1713 4043 Siciliam
1742 3974 1951 4065 constitutis,

581 4159 620 4244 (a)
640 4161 689 4222 Sto
701 4161 734 4220 tn
746 4157 845 4218 indice
856 4153 1068 4230 manuscripto.
1079 4152 1115 4212 In
1129 4153 1268 4230 tmprasso
1284 4147 1449 4224 θαὶιιαηίε,
1460 4150 1558 4210 minua
1570 4153 1659 4212 recta.

539 4410 664 4463 octamm
676 4397 750 4472 regni
762 4410 862 4453 annum
875 4393 963 4468 potius
972 4389 1213 4450 continuantem
1224 4387 1296 4462 qrrod
1304 4404 1392 4445 annus
1401 4387 1593 4446 incarnationis
1603 4387 1647 4445 hic
1659 4404 1803 4462 expressus
1813 4407 1886 4449 anno
1897 4391 1955 4450 vul·

540 4501 597 4576 gari
617 4505 710 4556 nostro
722 4493 859 4562 convenit,
878 4491 943 4548 dum
957 4507 991 4547 ex
1004 4489 1105 4546 calculo
1119 4488 1214 4546 Pisano
1228 4502 1315 4544 annus
1329 4489 1398 4544 ⁴207
1413 4501 1466 4544 non
1477 4491 1540 4542 ante
1552 4485 1711 4545 vicesimum
1724 4487 1849 4561 quintum
1866 4491 1954 4548 martii

536 4599 611 4656 diem
623 4593 773 4670 computari
783 4589 914 4650 debuerit.
928 4589 990 4648 virt.
1004 4604 1098 4662 supra,
1113 4604 1140 4660 p.
1153 4588 1198 4657 97,
1214 4591 1269 4642 not.
1286 4587 1312 4640 t.

577 4694 611 4770 (t)
631 4691 734 4752 Antella
748 4684 1040 4765 (coadunandis
1058 4683 1193 4754 mentumis
1207 4699 1262 4741 non
1274 4681 1368 4758 procul
1380 4697 1397 4742 a
1410 4681 1588 4758 Poggioreale.
1599 4681 1761 4742 -l’lctcne
1771 4683 1813 4744 vel
1826 4685 1953 4757 Platane,
