4378 5954
223 571 322 631 lenton
340 567 420 651 10.]‚
677 564 874 626 HISTORIA
899 559 1191 624 ulrtottnulct
1582 561 1640 622 127

306 703 425 784 (lnedlt.
441 719 480 764 ex
494 702 615 764 archivo
634 703 778 764 llonclcnl
797 703 829 762 ln
841 701 925 775 Plse,
939 716 976 762 ex
992 700 1098 777 ortgln.
1114 699 1164 760 cul
1187 693 1317 774 sigillum
1340 697 1432 770 deest,
1447 707 1480 758 n⁰
1496 705 1568 773 ¹⁴⁸3
1584 715 1640 760 nec

343 815 538 872 memoratum
552 808 590 870 eb
603 809 665 870 ulle
684 813 839 870 sudorum
852 808 905 884 qul
924 806 961 867 de
978 805 1133 866 nobllltatc
1151 803 1346 880 Neapolitana
1359 803 1448 864 slmul
1462 803 1542 866 etde
1555 809 1642 884 gente

344 916 566 980 Guludecclene
578 914 807 990 macerarent.)

273 1072 473 1146 Fredericus
490 1072 611 1146 divina
626 1073 765 1146 favente
780 1070 959 1144 clementia
974 1092 1039 1142 rex
1053 1069 1183 1162 Sicilie,
1198 1069 1346 1143 ducatus
1358 1068 1483 1166 Apulie
1498 1079 1532 1144 et
1546 1070 1641 1168 prin-

225 1198 358 1293 cipatus
374 1197 504 1295 Capue.
524 1196 717 1271 Gloriosnm
735 1205 787 1270 est
804 1197 945 1292 regibus
957 1195 1117 1292 praemiis
1131 1216 1260 1288 augere
1278 1215 1361 1268 suos
1380 1194 1535 1285 dilectos,
1551 1217 1639 1290 quo-

227 1324 319 1396 niam
338 1332 372 1396 et
389 1323 456 1395 sibi
473 1323 557 1397 dum
573 1324 756 1396 conterunt
770 1322 934 1418 preconia
951 1319 1064 1393 laudis
1082 1329 1269 1415 assurgunt
1281 1327 1317 1392 et
1333 1319 1369 1390 in
1389 1319 1539 1393 subditis
1555 1318 1641 1392 dum

227 1447 396 1543 recipiunt
418 1445 501 1522 fidei
520 1447 661 1522 devotio
680 1447 872 1520 roboratur.
894 1445 979 1519 Inde
1001 1453 1053 1519 est
1072 1444 1177 1540 igitur
1195 1444 1292 1540 qnod
1314 1466 1394 1517 cum
1416 1453 1471 1533 tu,
1494 1443 1642 1518 Noberte

226 1570 420 1666 Gnindaoc,
442 1572 542 1646 miles
558 1572 738 1669 Neapolis,
759 1569 872 1645 fidelis
890 1579 1018 1660 noster,
1039 1569 1168 1644 habeas
1187 1567 1406 1643 medietatem
1424 1569 1529 1642 unius
1544 1567 1641 1641 teudi

227 1696 344 1769 militis
361 1697 397 1768 in
418 1698 493 1794 ipsa
517 1707 631 1772 nostra
648 1698 787 1772 civitate
802 1697 981 1793 Neapolis,
1005 1717 1068 1769 nos
1085 1695 1301 1769 attendentes
1319 1694 1538 1769 devotionem
1557 1693 1641 1768 fidei

227 1829 261 1892 et
278 1830 376 1914 grata
399 1823 540 1896 servitia
563 1843 632 1918 que
655 1823 824 1916 majestati
850 1829 965 1894 nostre
989 1843 1124 1916 semper
1146 1820 1313 1893 exibnisti
1334 1827 1369 1892 et
1390 1819 1427 1891 in
1451 1828 1551 1894 antea
1574 1839 1642 1916 pe-

228 1945 309 2018 teris
324 1947 480 2033 exibere,
491 1948 537 2022 de
550 1949 649 2020 solita
664 1947 773 2040 gratia
786 1957 822 2020 et
835 1947 1038 2020 liberalitate
1051 1955 1168 2018 nostra
1183 1945 1406 2018 concedimus
1421 1952 1456 2018 et
1470 1944 1641 2018 donamus

229 2069 290 2141 tibi
308 2081 342 2144 et
364 2072 431 2144 tuis
451 2072 638 2146 heredibus
659 2071 696 2144 in
720 2081 925 2168 perpetuum
950 2069 1161 2144 scadentiam
1183 2068 1371 2163 quamdam
1394 2070 1431 2141 in
1454 2070 1640 2144 tenimento

227 2191 411 2267 Cumarum
429 2196 476 2270 ad
497 2207 647 2272 nostram
668 2197 800 2270 curiam
821 2197 1048 2292 pertinentem
1063 2204 1098 2268 et
1123 2195 1188 2266 luit
1204 2195 1286 2266 olim
1304 2194 1448 2286 zachei,
1467 2195 1515 2268 ita
1537 2195 1638 2269 vide-

227 2315 306 2388 licet
330 2316 478 2411 quodsi
502 2317 594 2392 dicta
612 2318 781 2393 medietas
803 2319 900 2391 leudi
925 2341 1030 2414 qnam
1058 2319 1164 2390 habes
1186 2325 1221 2389 et
1245 2316 1420 2390 suadentia
1444 2319 1510 2390 ista
1532 2341 1639 2414 quam

227 2439 290 2510 tibi
309 2441 532 2515 concedimus
552 2445 618 2515 luit
639 2465 749 2514 unum
770 2443 944 2537 integrum
971 2443 1113 2515 lendum
1137 2441 1271 2531 militis,
1288 2442 1391 2532 juxta
1414 2441 1638 2514 consuetudi·

227 2584 306 2636 nem
336 2565 518 2639 leudorum
548 2567 697 2640 militum
722 2569 902 2664 Neapolis,
930 2568 1077 2640 tenearis
1102 2577 1158 2657 tn,
1188 2564 1387 2662 supradicte
1414 2567 1577 2655 Roberte,
1604 2576 1639 2639 et

227 2687 372 2761 heredes
394 2691 445 2762 tui
470 2691 515 2764 de
539 2693 680 2766 servitio
705 2692 808 2764 unius
834 2692 952 2764 militis
979 2701 1093 2764 nostre
1122 2693 1217 2764 curie
1243 2689 1464 2786 respondere.
1488 2693 1523 2762 Si
1556 2712 1639 2763 vero

227 2813 285 2886 illa
313 2815 364 2886 tui
392 2815 488 2890 leudi
514 2815 682 2891 medietas
708 2826 742 2890 et
768 2815 920 2914 predicta
948 2814 1125 2890 scadentia
1152 2837 1222 2888 non
1254 2824 1335 2888 sunt
1359 2837 1468 2887 unum
1495 2813 1639 2887 lendum

228 2937 364 3027 militis,
388 2941 475 3012 lacta
498 2942 713 3016 estimatione
736 2951 905 3038 quantum
928 2943 1044 3014 minus
1067 2941 1151 3014 inde
1170 2949 1222 3014 est
1239 2940 1286 3015 de
1305 2962 1375 3013 uno
1393 2937 1499 3013 leudo
1517 2961 1640 3012 secun·

228 3060 313 3134 dnm
330 3063 397 3136 elia
415 3063 520 3139 lenda
537 3067 711 3162 Neapolis,
730 3073 863 3140 tantum
877 3065 940 3139 tibi
957 3069 1095 3162 tuisque
1106 3065 1295 3139 heredibus
1314 3064 1517 3138 deservitio
1537 3065 1640 3136 unius

227 3185 346 3260 militis
367 3189 554 3263 relaxetur.
575 3190 631 3264 Ad
652 3191 757 3286 hujus
772 3201 888 3264 autem
908 3191 1139 3264 concessionis
1157 3200 1193 3262 et
1211 3189 1406 3264 donationis
1429 3199 1544 3262 nostro
1566 3209 1639 3261 me·

227 3311 372 3386 moriam
387 3322 422 3386 et
435 3313 540 3388 robur
557 3325 723 3414 perpetuo
742 3317 942 3405 valiturum,
954 3337 1095 3412 presens
1113 3316 1334 3411 privilegium
1353 3337 1415 3410 per
1433 3337 1557 3386 manus
1576 3315 1641 3386 Ja-

227 3435 304 3510 cobi
323 3437 369 3512 de
391 3438 506 3535 Capua
525 3441 648 3513 notarii
663 3463 704 3514 ac
724 3439 837 3514 fidelis
854 3441 961 3513 nostri
983 3440 1086 3513 scribi
1104 3451 1139 3512 et
1157 3439 1270 3534 sigillo
1289 3447 1404 3512 nostre
1426 3439 1642 3512 celsitudinis

224 3562 392 3653 jussimus
410 3565 633 3658 communiri,
654 3588 765 3656 anno,
788 3587 907 3639 mense
928 3575 963 3638 et
984 3565 1174 3639 indictione
1192 3564 1406 3660 subscriptis.

277 3687 404 3760 Datum
421 3688 458 3761 in
482 3690 568 3762 urbe
588 3690 679 3763 lelici
695 3689 854 3763 Panormi
874 3710 937 3784 per
954 3709 1080 3762 manus
1094 3688 1257 3761 Gualterii
1274 3687 1318 3760 de
1331 3687 1468 3761 Pallene
1483 3687 1569 3781 regii
1584 3685 1644 3759 Si-

228 3809 307 3882 cilie
331 3813 524 3887 cancellarii
546 3813 618 3910 (t),
637 3836 730 3887 anno
750 3813 924 3888 dominice
943 3813 1186 3886 incarnationis
1204 3813 1387 3885 millesimo
1405 3812 1643 3885 ducentesimo

228 3934 389 4028 septimo,
405 3957 523 4009 meme
535 3937 651 4031 junio,
670 3931 886 4035 [indictione]
903 3935 1058 4030 decima,
1077 3937 1175 4032 regni
1190 3959 1274 4012 vero
1289 3936 1421 4009 domini
1436 3937 1542 4010 nostri
1559 3939 1644 4010 Fre-

230 4055 337 4130 derici
355 4061 418 4133 Dei
433 4061 543 4154 gratia
558 4062 765 4135 serenissimi
783 4063 877 4157 regis
890 4061 1022 4152 Sicilie,
1046 4062 1194 4135 ducatus
1211 4060 1338 4159 Apulia
1355 4058 1407 4159 [et
1430 4061 1644 4158 principatus

228 4180 370 4281 Capue],
390 4206 482 4260 anno
500 4186 649 4280 decimo,
669 4187 823 4261 feliciter.
844 4192 969 4261 Amen.

264 4463 302 4538 (4)
320 4463 399 4524 Nunc
410 4467 496 4541 prima
512 4469 570 4528 vice
586 4467 740 4527 Guelterius
753 4476 814 4543 post
830 4469 964 4527 redditam
978 4468 1029 4525 sibi
1043 4468 1114 4540 regis
1127 4466 1285 4538 custodiam,
1296 4483 1389 4524 mrsus
1401 4466 1429 4522 in
1442 4464 1585 4540 privilegiis
1597 4483 1644 4524 re-

228 4562 323 4636 surgit.
334 4563 386 4624 Ubi
398 4581 460 4624 eum
474 4567 555 4625 modo
572 4565 604 4624 de
618 4567 730 4638 Putem,
746 4567 825 4626 modo
838 4567 870 4624 de
883 4566 981 4625 Potcor
994 4582 1041 4623 seu
1057 4564 1087 4622 de
1103 4563 1230 4622 Poleerr'o
1242 4564 1457 4638 cognominatum
1469 4563 1642 4637 reperiemus.
