4378 5954
554 543 612 606 152
1050 541 1267 604 FlileRiGi
1294 541 1472 605 sacuam
1774 549 1855 628 [nas
1874 551 1962 616 ime.

602 676 797 751 Fridericus
808 676 871 752 Dei
887 678 998 772 gratia
1012 699 1078 751 rex
1095 678 1227 770 Sicilie,
1248 677 1396 752 ducatus
1411 679 1540 776 Apulia
1552 690 1589 753 et
1605 681 1816 779 principatus
1830 686 1959 782 Capua.

551 804 616 877 Per
631 823 773 900 presens
787 803 953 899 scriptum
969 811 1089 877 notum
1104 804 1251 877 iacimus
1273 803 1447 877 universis
1466 803 1630 878 fidelibus
1652 809 1778 880 nostis
1794 819 1864 882 tam
1882 832 1964 905 pre-

552 927 708 1000 sentibus
724 949 830 1022 quam
843 927 967 1000 suturis
978 927 1076 1022 quod
1093 949 1174 1000 cnm
1187 936 1240 1020 tu,
1253 928 1427 1019 Balsame,
1444 929 1654 1002 venerabilis
1666 931 1830 1004 Caranus
1841 934 1960 1022 abbas,

553 1051 668 1124 fidelis
680 1060 806 1142 noster,
819 1051 866 1126 ad
879 1059 1031 1124 nostram
1044 1073 1157 1148 nuper
1167 1052 1354 1124 accesseris
1368 1052 1517 1126 dovotus
1528 1055 1737 1148 presentiam
1750 1067 1786 1128 et
1797 1057 1834 1128 in
1848 1057 1962 1129 hnmi-

553 1175 657 1248 litatis
679 1175 803 1272 spiritu
820 1175 1071 1272 supplicaveris
1086 1183 1126 1248 nt
1143 1175 1226 1270 qnia
1250 1185 1392 1272 propter
1414 1175 1573 1250 diversos
1593 1177 1796 1269 justitiarios
1818 1181 1880 1274 qui
1903 1203 1965 1277 per

553 1309 743 1373 contratam
766 1300 1033 1390 constituuntur,
1051 1299 1211 1374 hominos
1229 1300 1393 1374 Curensis
1409 1301 1608 1374 monmterii
1630 1302 1794 1376 indebitis
1808 1325 1891 1400 sepe
1909 1307 1965 1378 ia-

554 1423 706 1518 tigantnr
729 1424 893 1496 molestiis
907 1433 943 1498 ct
959 1445 1080 1498 eorum
1092 1423 1231 1516 justicia
1251 1423 1378 1498 lcditur
1390 1425 1427 1496 in
1445 1425 1640 1522 plerisque,
1656 1425 1880 1522 dignaremur
1902 1429 1963 1500 tibi

555 1547 767 1622 committere
774 1547 1009 1642 justicioretus
1021 1547 1176 1620 officium
1188 1569 1293 1643 super
1302 1551 1423 1622 omnes
1435 1548 1595 1623 homines
1606 1571 1649 1624 ac
1663 1559 1788 1624 terram
1797 1563 1967 1626 monaste·

556 1671 600 1743 rii
618 1671 688 1762 tui,
706 1693 770 1744 nos
787 1672 1002 1745 attendentes
1015 1673 1246 1746 sinceritatem
1256 1673 1524 1749 tue-devotionis
1536 1684 1572 1748 et
1583 1673 1669 1748 fidei
1682 1683 1717 1749 et
1730 1676 1776 1750 de
1790 1676 1966 1750 honestate

557 1804 618 1869 tue
641 1816 683 1866 ac
704 1793 889 1890 prodentia
913 1795 1161 1891 circumspecta
1190 1795 1367 1869 laudabile
1391 1798 1625 1870 testimonium
1647 1798 1693 1870 ab
1718 1799 1881 1872 omnibus
1902 1821 1969 1870 an·

559 1917 708 2010 dientoe,
725 1916 771 1992 de
786 1919 886 1991 solita
901 1927 1016 1992 nostre
1036 1919 1260 2013 benignitatis
1286 1920 1397 2014 gratia
1423 1921 1647 1996 conoedimns
1661 1943 1704 1994 ac
1722 1923 1968 1995 committimus

558 2042 622 2114 tibi
644 2042 801 2138 predicto
821 2043 939 2116 abbati
956 2044 1185 2137 justitiaratus
1199 2043 1350 2118 officium
1373 2067 1479 2140 super
1495 2055 1600 2118 totam
1621 2056 1746 2120 terram
1758 2055 1794 2118 et
1812 2046 1969 2120 homines

559 2167 757 2240 monasterii
775 2167 839 2256 tui,
853 2168 1008 2242 volentes
1022 2178 1057 2240 ct
1072 2169 1179 2263 regali
1195 2177 1385 2242 statuentes
1400 2169 1516 2243 edicto
1528 2179 1569 2242 ut
1580 2171 1698 2242 nullus
1714 2168 1880 2266 deinceps
1888 2172 1966 2262 jus-

559 2292 706 2366 trtiarius
730 2291 768 2364 in
789 2299 879 2366 terra
901 2293 1068 2366 cavensis
1090 2294 1286 2366 monasterii
1311 2303 1347 2366 et
1372 2291 1419 2366 de
1444 2293 1645 2368 bominibus
1668 2295 1745 2387 ejus
1768 2303 1968 2390 potestatem

558 2415 685 2490 babeat
693 2416 922 2510 justitiaratus
939 2417 1092 2490 officium
1103 2417 1288 2490 exercendi
1305 2418 1362 2490 rel
1378 2439 1438 2492 eos
1452 2417 1500 2491 ad
1515 2417 1707 2491 taciendam
1723 2439 1786 2490 sen
1799 2419 1974 2514 recipien«

558 2537 640 2612 dam
652 2539 827 2631 justiciam
842 2540 1036 2631 coercendi,
1054 2539 1118 2614 sed
1132 2541 1194 2613 tibi
1205 2549 1352 2632 tantum,
1368 2540 1607 2637 prenominato
1622 2542 1755 2630 abbati,
1770 2543 1808 2614 iu
1822 2543 1896 2616 rita
1909 2553 1968 2616 tna

559 2661 759 2756 hujusmodi
773 2665 986 2760 permittatur
999 2663 1150 2737 officium
1165 2665 1202 2736 in
1214 2664 1415 2738 bominibus
1431 2674 1467 2738 et
1479 2674 1571 2739 terra
1587 2666 1784 2739 monasterii
1797 2666 1849 2738 tui
1863 2665 1970 2740 libere

559 2807 602 2859 ac
618 2787 694 2860 sine
714 2787 984 2860 contradictione
996 2787 1152 2881 qualibet
1164 2807 1344 2878 exercere,
1362 2787 1454 2860 sicut
1469 2787 1532 2860 tibi
1547 2788 1653 2862 estin
1668 2787 1742 2862 vita
1758 2783 1820 2860 tna
1837 2797 1968 2862 tantum

558 2911 627 2982 snb
646 2911 816 3007 personali
831 2908 1000 2984 beneficio
1019 2919 1174 2984 anostra
1193 2911 1376 2984 serenitate
1393 2913 1616 2985 commissum
1634 2911 1701 3010 (4).
1721 2912 1801 2986 Post
1826 2922 1970 2986 mortem

558 3055 643 3108 vero
655 3043 751 3106 tuam
766 3034 834 3108 boc
853 3043 987 3108 tantum
1000 3033 1069 3107 tuis
1090 3035 1347 3108 successoribus
1362 3033 1585 3130 indulgemus
1601 3046 1642 3109 ut
1658 3037 1759 3110 liceat
1773 3036 1826 3110 eis
1847 3059 1971 3130 qnem-

559 3179 710 3254 cnmque
732 3158 963 3250 justiciarium
988 3156 1159 3230 voluerint
1183 3179 1230 3230 ex
1257 3158 1300 3232 iis
1324 3158 1453 3253 eligere
1483 3160 1545 3254 qni
1573 3181 1635 3256 per
1662 3160 1795 3234 oudam
1821 3171 1970 3234 nostram

559 3281 735 3356 constituti
749 3283 878 3354 ineunt
893 3302 955 3377 per
968 3290 1170 3373 wunsam,
1186 3291 1221 3355 et
1237 3282 1353 3378 ipsum
1369 3303 1494 3356 vocare
1508 3293 1547 3356 ut
1558 3283 1603 3358 do
1616 3282 1815 3358 hominibus
1830 3305 1871 3357 ac
1882 3294 1970 3356 terra

560 3408 724 3482 Cavensis
737 3406 935 3481 monasterii
948 3427 1070 3480 mussa
1082 3429 1152 3502 qne
1171 3407 1373 3482 emerserint
1390 3407 1513 3482 ordino
1527 3407 1715 3502 judiciario
1729 3409 1966 3482 terminentur.

559 3531 616 3604 Ad
638 3533 741 3625 bojas
760 3541 876 3604 antem
896 3540 1012 3604 nostre
1026 3532 1257 3604 concessionis
1272 3531 1474 3606 memoriam
1498 3539 1533 3604 et
1556 3531 1663 3604 robur
1688 3541 1854 3628 perpetuo
1879 3533 1971 3607 vali-

559 3665 696 3745 turum,
716 3677 859 3752 presens
880 3655 1045 3750 scriptum
1066 3654 1140 3728 lieri
1162 3665 1198 3728 et
1219 3655 1331 3750 sigillo
1355 3665 1472 3729 nostro
1487 3653 1732 3728 mandavimus
1750 3656 1966 3730 communiri.

609 3781 734 3852 Datum
748 3780 921 3868 Messana,
946 3800 1038 3853 anno
1064 3778 1237 3853 dominice
1257 3781 1504 3855 incarnationis
1526 3779 1710 3854 millasimo
1733 3779 1972 3854 ducentesimo

560 3923 665 3992 nono,
681 3925 799 3978 mense
816 3903 1036 3998 septembris,
1052 3903 1128 3976 XIII
1142 3903 1353 3979 indictionis.

598 4211 633 4285 (4)
651 4211 732 4284 Cujus
746 4209 878 4284 privilegii
889 4209 997 4283 vigore,
1009 4226 1079 4269 anno
1091 4213 1160 4270 4246
1175 4211 1283 4286 qudam
1299 4211 1430 4270 varmum
1442 4209 1598 4270 monasterii
1613 4211 1660 4285 qui
1672 4209 1701 4266 in
1717 4209 1871 4268 carceribus
1885 4211 1973 4283 regiae

561 4309 651 4366 euriae
662 4307 794 4382 stratigoti
813 4307 930 4367 civitatis
941 4307 1044 4367 Salerni
1055 4307 1091 4367 ob
1102 4309 1275 4367 homicidium
1285 4309 1459 4368 commimm
1470 4308 1651 4382 detinebatur,
1664 4309 1773 4384 praevia
1787 4307 1910 4382 ejusdcm
1922 4309 1971 4366 tri·

560 4406 665 4464 bandis
677 4407 822 4477 meantia,
837 4406 872 4465 ad
890 4406 993 4464 uniam
1010 4405 1171 4465 abbatialem
1188 4407 1317 4466 mmissus
1328 4407 1392 4479 luit,
1410 4407 1481 4466 sicut
1499 4413 1651 4466 constater
1664 4407 1841 4466 momumento
1854 4406 1974 4481 quodam

562 4501 591 4559 in
602 4503 697 4561 codam
708 4503 827 4574 archivo,
840 4519 911 4562 arro.
925 4505 950 4574 1,
964 4502 1053 4576 F.,n⁰
1066 4505 1111 4560 442.
