4434 5942
272 584 430 668 tmen]
721 581 918 644 srsronra
942 579 1235 644 nrnnonartcn.
1649 581 1688 646 to

274 721 430 796 diximus
452 730 521 794 tam
545 727 662 792 nostro
686 740 793 812 quem
819 741 1058 796 successorum
1084 728 1278 792 nostrornm
1303 727 1456 814 tempore
1483 727 1684 814 perpetuum

272 846 451 942 optineant
472 842 667 916 firmitatem
689 851 725 916 et
747 864 812 918 nec
833 845 957 918 vestris
981 865 1046 918 nec
1068 843 1236 918 heredum
1257 851 1450 918 vestrorum
1473 845 1687 940 temporibus

273 970 422 1061 alicujus
446 969 587 1042 valeant
608 968 867 1064 presumptione
886 968 1031 1060 turbari,
1062 989 1126 1042 noe
1150 990 1191 1042 ea
1217 967 1263 1042 de
1284 967 1459 1041 communi
1482 969 1624 1042 oonsilio
1653 979 1688 1042 et

273 1094 453 1167 voluntate
472 1093 617 1164 fratrum
635 1101 828 1168 nostrorum
852 1093 1054 1166 auctoritate
1074 1091 1261 1188 apostolica
1281 1091 1524 1165 confirmamus
1538 1101 1573 1164 et
1595 1091 1688 1166 vali-

274 1227 352 1290 tura
378 1217 415 1288 in
442 1223 650 1312 perpetuum
676 1217 825 1310 presenti
847 1217 975 1313 pagina
997 1215 1251 1290 communimus
1273 1225 1308 1288 ct
1328 1224 1399 1288 tam
1417 1237 1439 1289 a
1455 1215 1555 1288 nobis
1581 1237 1687 1310 quam

275 1341 533 1416 suooessoribns
554 1339 680 1415 nostris
702 1341 878 1436 perpetuis
901 1341 1114 1436 temporibus
1137 1340 1322 1413 statuimus
1341 1340 1571 1414 observanda.
1594 1340 1688 1414 Nulli

277 1487 379 1561 crgo,
403 1473 490 1556 etc,
515 1487 619 1559 usque
636 1465 682 1538 od
695 1466 828 1538 cabum
849 1465 1124 1560 indignationem
1145 1465 1298 1538 incurrat
1320 1487 1489 1559 reumque
1507 1487 1546 1538 se
1567 1466 1688 1540 divino

272 1588 407 1683 jndicio
435 1588 480 1662 de
508 1599 702 1686 perpetrata
733 1590 915 1684 iniquitate
942 1599 1148 1683 cognoscat,
1172 1600 1263 1682 oto,
1291 1592 1328 1664 in
1352 1589 1485 1663 modum
1509 1593 1686 1687 pricilepii.

277 1714 415 1788 Cunctis
432 1725 548 1790 autem
566 1715 681 1788 omnia
697 1715 852 1811 predicta
865 1713 1095 1806 servantibus,
1115 1723 1181 1788 ote.

959 2005 1006 2077 ιι.
1069 1955 1073 1966 ’

324 2205 562 2298 Innocentius,
585 2213 671 2298 cte,
696 2205 899 2282 Constancie
926 2206 1135 2302 imperatrici
1163 2207 1284 2301 regine
1308 2205 1424 2280 Sicilie
1446 2229 1488 2281 ac
1511 2207 1689 2282 carissimo

277 2325 348 2401 filio
367 2329 491 2402 illustri
513 2331 587 2424 regi
608 2331 742 2424 Sicilie,
769 2339 836 2405 etc.
860 2333 932 2406 Neo
956 2354 1089 2406 novum
1111 2354 1177 2406 nec
1201 2333 1369 2426 injustum
1394 2332 1511 2406 existit
1531 2334 1560 2405 si
1582 2353 1689 2429 regno

277 2451 392 2526 Sicilie
409 2455 553 2549 gratiam
568 2455 715 2530 facimus
727 2457 932 2552 specialem,
961 2457 1057 2552 qnod
1082 2457 1171 2530 inter
1196 2457 1377 2532 universas
1399 2467 1435 2530 et
1450 2459 1605 2554 singulas
1627 2481 1690 2532 rc·

277 2576 399 2669 giones
426 2579 463 2650 in
483 2579 613 2673 quibus
632 2603 759 2656 nomen
784 2583 907 2656 colitur
934 2582 1159 2656 christianum
1184 2584 1255 2657 fere
1284 2605 1419 2678 semper
1441 2585 1634 2680 promptius
1655 2595 1690 2658 et

277 2698 437 2774 devotius
456 2703 492 2775 in
508 2705 663 2780 Ecclesia
676 2708 829 2782 Romane
848 2708 1033 2782 devotione
1049 2708 1237 2803 permansit
1251 2717 1285 2780 et
1300 2707 1345 2780 ab
1363 2729 1405 2782 eo
1419 2709 1601 2802 specialius
1614 2732 1689 2783 me·

276 2826 347 2898 ruit
372 2825 546 2902 honorari.
565 2831 678 2925 Reges
694 2832 866 2928 siqnidem
884 2842 919 2907 et
937 2833 1111 2930 principes
1127 2835 1203 2926 ejus
1221 2833 1258 2904 in
1274 2831 1470 2927 Apostolice
1485 2833 1584 2908 Sedis
1602 2833 1689 2908 lide·

275 2950 372 3024 litate
397 2953 518 3026 fortius
545 2955 695 3030 roborati
718 2957 942 3052 usqueadeo
965 2957 998 3030 ei
1023 2956 1171 3031 fideliter
1188 2966 1223 3031 et
1247 2958 1458 3032 familiariter
1482 2958 1692 3033 adheserunt

276 3084 316 3146 ut
338 3055 385 3149 ad
411 3077 522 3172 ipsius
545 3081 791 3156 exaltationem
815 3091 971 3178 potenter
992 3082 1204 3156 intenderint
1226 3093 1262 3155 et
1284 3083 1330 3156 ab
1351 3104 1394 3156 ea
1414 3083 1544 3156 nullius
1571 3084 1691 3158 divelli

276 3202 450 3295 potuerint
471 3202 603 3300 impetu
624 3207 857 3303 tempestatis,
878 3229 917 3280 se
931 3211 967 3280 in
991 3208 1067 3303 ipsa
1085 3218 1120 3281 et
1136 3231 1199 3303 per
1214 3209 1323 3304 ipsam
1346 3208 1493 3280 exaltari
1511 3209 1692 3283 credentes

277 3331 311 3396 et
330 3324 365 3396 in
382 3345 423 3397 ea
439 3335 516 3421 post
529 3329 640 3402 Deum
657 3351 721 3403 sue
736 3333 811 3428 spei
829 3341 995 3428 ponentes
1008 3341 1042 3405 et
1059 3333 1181 3428 gaudii
1197 3333 1473 3406 fundamentum.
1491 3332 1692 3428 specialiter

277 3461 393 3526 autem
416 3454 544 3551 inclyte
566 3455 815 3530 recordationis
833 3459 875 3531 lt.
905 3458 1083 3553 quondam
1108 3467 1223 3555 parer,
1248 3459 1304 3531 W.
1326 3459 1430 3532 frater
1451 3466 1486 3530 et
1504 3459 1562 3530 W.
1583 3479 1691 3553 nepos

278 3577 341 3669 toi,
362 3576 432 3653 lilia
449 3579 668 3677 imperatrix,
689 3603 790 3678 reges
810 3583 946 3676 Sicilie,
968 3584 1125 3658 familiari
1144 3606 1222 3658 eam
1234 3584 1389 3657 venerati
1401 3592 1482 3656 sunt
1495 3583 1691 3658 devotionis

276 3700 444 3798 obsequio
464 3713 498 3778 et
517 3706 821 3801 predecessoribus
846 3711 971 3782 nostris
997 3709 1218 3804 usqueadeo
1240 3730 1310 3782 non
1335 3710 1452 3782 minus
1474 3710 1511 3781 in
1534 3710 1691 3784 adversis

277 3845 382 3916 qnam
404 3827 577 3922 prosperis
592 3827 802 3902 adheserunt
818 3839 858 3902 ut
877 3853 957 3903 curn
979 3832 1140 3905 iratribus
1156 3832 1281 3908 nostris
1296 3833 1397 3906 vobis
1414 3834 1460 3906 ob
1477 3855 1597 3907 eorum
1616 3857 1689 3910 me·

276 3947 421 4021 moriam
440 3957 475 4021 ct
489 3954 715 4028 constantiam
734 3954 941 4028 sinceritatis
954 3978 1060 4051 quam
1078 3956 1125 4030 ad
1138 3978 1202 4030 nos
1218 3979 1281 4030 vos
1300 3957 1428 4031 habere
1446 3960 1685 4054 eognovimus,

276 4092 340 4166 per
356 4071 531 4165 effectum,
549 4087 718 4171 quantum
742 4101 822 4154 oum
842 4081 914 4154 Deo
932 4089 967 4155 ot
987 4089 1103 4154 nostra
1126 4102 1311 4178 possumus
1333 4081 1529 4171 honestate,
1553 4083 1687 4158 deferre

277 4195 424 4270 velimus
439 4207 491 4291 et,
511 4199 608 4274 salva
625 4201 759 4294 justitia
773 4211 807 4276 et
823 4203 1046 4278 ecclesiarum
1066 4205 1232 4279 canonica
1260 4206 1433 4298 libertate,
1462 4205 1687 4302 petitionibus

276 4311 400 4385 vestris
423 4337 602 4390 assensum
625 4318 759 4390 facilem
780 4320 958 4394 exhibere.
977 4321 1028 4394 Ne
1047 4321 1153 4416 igitur
1174 4323 1244 4396 ulla
1262 4323 1307 4396 dc
1325 4333 1437 4396 cetero
1458 4325 1546 4396 inter
1568 4346 1631 4397 nos
1652 4334 1688 4399 et

276 4455 491 4512 successores
505 4449 639 4515 nostros
655 4464 697 4516 ac
712 4463 776 4515 vos
792 4452 826 4516 et
842 4444 987 4537 heredes
1002 4456 1135 4519 vestros
1153 4469 1257 4544 super
1272 4448 1497 4521 electionibus
1517 4447 1687 4526 dissensio

274 4561 471 4656 suscitetur,
490 4567 632 4642 modum
648 4568 806 4643 faciende
824 4569 1049 4666 inposterum
1067 4572 1244 4646 electionis
1257 4573 1473 4669 presentibus
1486 4575 1686 4651 curavimus

275 4682 397 4762 litteris
413 4690 608 4788 explicare3
627 4695 662 4768 in
677 4695 807 4791 quibus
820 4697 871 4770 sic
885 4697 921 4770 in
935 4698 1053 4771 multis
1067 4698 1161 4793 regie
1180 4699 1355 4773 serenitati
1377 4699 1564 4775 deferimus
1583 4711 1623 4776 ut
1641 4703 1684 4777 li·
