4382 5946
236 567 336 628 lnnrcr.
355 562 397 646 1.]
686 557 886 620 HISTORIA
909 553 1205 619 lllPLOlllll'lCli.
1594 554 1654 615 27¹1

289 700 434 794 Signum
450 693 583 770 domini
595 692 759 768 Friderici
770 695 929 786 secundi,
939 694 1031 789 regis
1044 695 1275 766 Romanorum
1288 689 1506 764 invictissimi
1520 699 1555 762 et
1566 691 1657 785 regis

241 824 371 899 Sicilie.

287 949 363 1042 Ego
381 944 560 1020 Conradns
575 945 738 1017 Metensis
755 955 790 1017 et
807 945 975 1040 Spirensis
994 945 1190 1040 episcopos,
1212 941 1398 1036 imperialis
1416 942 1495 1016 aule
1516 943 1653 1016 canoel·

237 1073 364 1163 larius,
389 1070 466 1143 vice
502 1069 633 1144 domini
665 1068 782 1142 Silridi
811 1069 1005 1162 Magantini
1036 1065 1524 1162 archiepiscopi,npost01ice
1557 1067 1655 1141 Sedis

238 1195 346 1291 legati
363 1205 400 1268 et
418 1195 527 1267 tocius
545 1193 727 1266 Germanis
744 1193 1046 1285 archicancellarii,
1063 1191 1261 1284 recognovi.

288 1323 416 1393 Datum
434 1316 531 1415 apud
549 1317 771 1411 Ubirlingen,
792 1339 884 1391 anno
902 1316 1074 1392 dominice
1093 1315 1336 1388 incarnationis
1354 1315 1569 1409 ll.CC.Xlll,
1591 1315 1653 1390 lra-

237 1445 354 1520 lendis
371 1441 589 1539 septembris,
611 1441 801 1515 indictione
817 1443 846 1514 l.

292 2012 526 2120 Fridericus,
555 2011 816 2095 Romanorum
847 2037 935 2119 rex,
966 2013 1141 2096 Conrado
1174 2012 1366 2096 Constant
1341 2011 1452 2096 trensi
1482 2013 1747 2137 episeopoube
1738 2039 1832 2146 iffi}

239 2145 371 2229 scribit
355 2155 440 2250 se,
451 2145 630 2254 inspectis
644 2144 850 2255 privilegiis
863 2145 1197 2254 praedecessorum
1207 2170 1380 2253 suorum
1383 2145 1489 2228 hoc
1474 2173 1539 2256 Jus
1553 2149 1657 2256 qnod
1682 2149 1744 2192 ¹
1720 2094 1806 2202 3:⁹2⁶
1783 2149 1859 2192 aa..

237 2277 383 2361 habent
401 2275 476 2358 irat
416 2288 538 2359 ratres
556 2277 727 2360 coenobii
745 2278 794 2359 de
813 2278 1094 2388 Kreulzlingen,
1111 2279 1251 2361 scilicet
1268 2289 1311 2362 ut
1329 2280 1498 2362 advocet
1471 2289 1525 2362 tra
1538 2279 1658 2363 bono-

239 2437 330 2494 rum
347 2411 568 2494 monasterii
590 2411 639 2494 ab
662 2411 832 2519 ipsorum
860 2411 1040 2494 manibus
1068 2412 1225 2494 alienari
1251 2437 1328 2495 non
1356 2412 1509 2517 debeat,
1531 2424 1659 2497 ratum

238 2555 277 2628 et
293 2543 450 2627 firmum
468 2544 631 2651 habere,
651 2545 762 2654 eique
780 2545 939 2628 mandat
956 2555 1093 2630 utnon
1113 2547 1305 2656 permittat
1323 2547 1556 2656 praedictum
1575 2575 1661 2632 coe-

241 2676 401 2761 nobium
421 2703 538 2788 snper
555 2678 595 2760 id
613 2678 854 2788 aliquatenus
872 2679 1080 2763 molestari.

323 2892 499 2972 (Memorat.
515 2913 562 2974 ap.
577 2897 726 2958 nomm
736 2940 746 2972 ,
762 2895 873 2978 chcst.
894 2895 1011 2976 imper,
1030 2913 1061 2976 p.
1079 2905 1128 2972 nl,
1146 2905 1181 2958 n⁰
1196 2904 1246 2976 71,
1260 2913 1299 2957 cx
1317 2897 1402 2976 copla
1420 2854 1477 2974 lpsl
1495 2895 1658 2959 nstaellno

363 3003 605 3084 communicata.)

289 3188 414 3260 Datum
432 3187 527 3284 apud
548 3187 772 3283 Uberlingen,
794 3187 951 3262 kalendis
968 3188 1185 3284 septembris,
1206 3188 1393 3263 indictione
1410 3190 1534 3286 prima.

291 3758 533 3844 Innocentius
565 3788 667 3872 papa
699 3764 748 3846 ad
780 3763 999 3872 petitionem
1029 3765 1210 3850 Friderici
1238 3768 1498 3856 Romanorum
1534 3771 1654 3882 regis,
1689 3795 1819 3906 gpppe.
1795 3849 1850 3893 aa

237 3895 575 3978 commutationem
606 3896 746 3980 inter
735 3899 939 4006 imperium
969 3908 1008 3982 et
1039 3899 1255 4008 spirensem
1286 3901 1484 3986 ecclesiam
1515 3903 1654 3990 factem

238 4029 462 4112 auctoritate
481 4029 687 4137 apostolica
705 4029 918 4114 confirmat.

321 4242 421 4324 (sno.
435 4246 572 4320 Bonum,
588 4241 898 4326 spontaneam,
916 4253 940 4309 t.
956 4247 1003 4326 11,
1020 4265 1052 4327 p.
1068 4248 1152 4328 80⁰.)

287 4433 526 4525 Innocentius,
553 4443 641 4524 ote,
664 4432 796 4507 deceno
818 4441 853 4506 et
875 4432 1026 4529 capitolo
1046 4434 1284 4530 Spirensibns,
1303 4444 1369 4510 elo.
1392 4436 1498 4508 Justis
1522 4446 1653 4533 peten-

237 4555 327 4629 tinm
350 4557 553 4649 desideriis,
573 4567 639 4631 etc.
661 4556 869 4654 Accepimus
887 4579 971 4630 sane
988 4559 1084 4653 qnod
1103 4561 1273 4655 Spirensis
1290 4561 1436 4634 ecclesia
1452 4561 1524 4634 duo
1542 4565 1652 4658 possi·

237 4679 345 4756 debat
371 4682 579 4758 monasteria
602 4684 638 4755 in
667 4683 877 4780 Thuringia,
902 4703 1051 4779 qnorum
1074 4685 1255 4760 abbatissis
1277 4685 1448 4783 Spirensis
1469 4686 1653 4784 episcopus
