4434 5942
276 584 373 644 lucrm.
393 581 434 660 l.]
725 581 922 643 HISTORIA
948 580 1239 642 nlntousrlcs.
1652 577 1686 636 ll

276 717 422 791 ecclesie
440 724 607 812 perpetuo
623 715 828 790 inconcussa
844 717 1045 813 stabilisque
1070 723 1290 812 permaneat,
1309 735 1449 812 presens
1468 711 1688 810 privilegium

276 863 339 937 per
363 861 487 915 manos
505 839 654 914 Gcslridi
672 841 795 914 notarii
815 851 851 913 ct
871 840 982 914 fidelis
1000 841 1106 913 nostri
1128 839 1231 912 scribi
1253 849 1288 912 et
1307 849 1421 912 nostre
1436 839 1627 911 serenitatis
1642 839 1688 910 si-

277 963 361 1059 gillo
379 963 467 1036 illud
485 964 652 1056 jussimus
665 964 837 1056 roborari,
856 967 964 1057 anno',
983 987 1101 1040 mense
1120 975 1154 1038 et
1169 965 1355 1038 indictione
1370 963 1586 1058 subscriptis.

325 1091 451 1161 Datum
469 1089 505 1160 in
522 1089 610 1160 urbe
627 1089 717 1160 ielici
736 1089 908 1180 Panormi,
922 1112 1014 1162 anuo
1034 1091 1205 1164 dominice
1222 1089 1465 1162 incarnationis
1477 1087 1686 1176 MCXCVlll,

277 1235 396 1286 mense
410 1211 513 1306 junii,
531 1213 641 1306 prime
663 1209 880 1305 indictionis,
902 1215 1000 1308 regni
1017 1236 1099 1287 vero
1123 1213 1262 1286 dominc
1282 1213 1481 1286 constancia
1496 1213 1559 1285 Dei
1579 1211 1688 1305 gratia

278 1337 506 1410 illustrissime
533 1337 765 1409 Romanorum
788 1338 1026 1432 imperatricis,
1052 1361 1187 1434 semper
1202 1348 1349 1432 auguste
1370 1347 1403 1410 et
1422 1337 1542 1430 regine
1557 1337 1685 1428 Sicilia,

278 1483 370 1536 auno
386 1469 525 1556 quarto,
544 1459 698 1534 feliciter.
717 1457 842 1534 Amen.
863 1463 971 1554 Regni
986 1484 1126 1556 quoquc
1144 1463 1275 1536 domini
1293 1461 1462 1534 Frederioi
1481 1459 1688 1535 serenissimi

279 1586 341 1658 titii
362 1587 437 1678 ejus
460 1585 583 1660 eadem
602 1585 713 1680 gratia
734 1585 909 1680 magnifici
931 1588 1023 1682 regis
1044 1588 1180 1677 Sicilie,
1199 1587 1347 1662 ducatus
1365 1587 1491 1683 Apulie
1508 1595 1543 1660 el
1560 1586 1689 1682 princi·

277 1721 379 1806 patus
395 1709 523 1805 Capua,
541 1731 634 1784 anno
651 1711 779 1806 primo,
800 1733 974 1807 pmspero.
994 1711 1118 1784 Amen.

500 2023 647 2036 m*
670 2025 1461 2036 —·—-ffl———--——-a————-—

331 2304 552 2388 Constantia
587 2305 809 2414 imperatrix
839 2329 1072 2416 cognoscens
1108 2304 1213 2414 quod
1247 2304 1415 2414 perfidus
1452 2304 1692 2388 Marcualdus
1739 2329 1846 2440 ηπιοιζι

278 2437 570 2522 machinabatur
591 2437 771 2521 invadere
795 2461 981 2547 regnum,
1000 2438 1188 2522 diffidavit
1171 2439 1410 2546 teumdem,
1434 2447 1473 2521 ct
1497 2396 1766 2523 mandauitsep

275 2595 343 2679 per
360 2571 504 2654 litteras
523 2595 613 2652 sues
631 2595 720 2653 eum
738 2580 922 2680 tanquam
939 2572 1088 2652 hostem
1110 2571 1211 2682 regis
1237 2581 1276 2654 et
1301 2572 1410 2683 regni
1437 2571 1487 2655 ab
1513 2573 1692 2656 omnibus

276 2703 408 2788 evitari
427 2703 502 2815 (l).
519 2703 691 2788 Habebat
712 2704 827 2788 etiam
855 2705 966 2787 valde
988 2715 1205 2814 suspectum
1233 2705 1456 2790 Gualterum
1484 2705 1691 2815 Troianum

277 2837 512 2947 episcopum,
531 2839 639 2950 regni
650 2837 798 2923 Siciliae
812 2837 1097 2943 cancellarium,
1114 2839 1168 2920 ita
1186 2839 1290 2948 quod
1310 2838 1547 2921 subtraxerat
1564 2837 1620 2918 illi
1630 2837 1691 2918 si-

1828 2383 1890 2438 rem}

276 2969 413 3080 gillum
437 2969 551 3082 (nam
582 2981 620 3056 et
650 2971 786 3056 fratres
812 2971 933 3082 ipsius
964 2972 1197 3054 reduxeruut
1222 2969 1527 3084 lllnrcualdum);
1549 2971 1616 3054 sed
1644 2969 1692 3052 ad

276 3101 439 3185 multam
456 3103 762 3189 intercessionem
781 3106 921 3188 summi
949 3104 1137 3216 pontificis
1161 3105 1300 3216 recepit
1323 3105 1491 3190 illumin
1510 3103 1687 3216 gratiam.

277 3242 372 3318 Gest.
393 3243 519 3319 lance.
541 3243 615 3346 ΙΙΙ,
631 3265 715 3348 cap.
734 3239 863 3323 XXllI.

331 3812 566 3920 Constantia,
586 3812 847 3897 Romanorum
875 3813 1097 3922 imperatrix
1114 3821 1152 3894 et
1169 3809 1316 3894 Siciliae
1333 3809 1482 3921 regina,
1503 3834 1582 3892 une
1599 3832 1688 3890 cum
1726 3835 1751 3878 ιι
1746 3836 1843 3934 Ριιιιοι
1834 3835 1887 3932 ιιι.

276 3970 366 4056 rege
383 3946 574 4028 Friderim
586 3945 666 4029 filio
679 3947 979 4031 squacundino
990 3945 1116 4029 abbat
1090 3955 1118 4027 tr
1132 3953 1170 4027 et
1186 3953 1347 4027 convent
1347 3943 1385 4026 ui
1405 3969 1539 4026 monas
1541 3943 1624 4024 terir
1614 3941 1688 4023 de
1761 3949 1809 3986 ¹
1810 3920 1865 3986 ¹³¹¹

1651 4137 1685 4146 -ι

309 4233 344 4306 (t)
362 4233 531 4292 narcmldus
550 4235 705 4293 comitatum
725 4235 823 4294 blolisii
842 4239 969 4296 invadere
989 4237 1170 4314 proponebat,
1193 4235 1372 4312 praetendens
1387 4233 1458 4308 quod
1479 4249 1511 4290 ox
1533 4232 1639 4290 ilenrici
1652 4231 1689 4288 Vl

275 4333 435 4389 testamento
452 4331 623 4408 baliusregis
639 4335 754 4408 stregai
769 4336 1034 4395 essedeberet.lam
1055 4343 1111 4393 tum
1130 4352 1251 4394 rumores
1271 4335 1305 4392 do
1324 4331 1494 4408 supposititio
1512 4329 1689 4404 imperatricis

274 4431 355 4500 partu
368 4427 404 4484 ab
419 4427 472 4487 islo
484 4445 591 4503 sparsos
603 4429 685 4489 luisse
704 4433 878 4504 arbitramur,
900 4449 962 4491 cum
979 4433 1098 4508 legamus
1111 4435 1138 4490 in
1157 4434 1233 4490 titulo
1246 4433 1364 4489 mandati
1382 4428 1564 4488 inconstantia
1578 4427 1688 4486 Samaro

275 4523 478 4600 archiepiscopo
491 4529 619 4586 'tranensi
629 4527 735 4602 directi,
751 4547 845 4589 mense
859 4533 1020 4606 septembri,
1036 4533 1059 4589 ll
1071 4532 1216 4588 indictione
1231 4547 1239 4585 :
1253 4550 1266 4583 ιι
1282 4526 1498 4586 constantiensi
1512 4526 1606 4600 gratia,
1621 4533 1686 4598 eto,

276 4637 331 4679 una
347 4637 409 4679 cum
425 4623 545 4697 lapillum
555 4627 614 4702 filio
628 4643 678 4684 suo
691 4629 842 4702 Frsderico,
851 4631 943 4688 cadem
957 4631 1040 4704 gratia
1049 4647 1111 4702 roge
1118 4629 1216 4699 Sicilie,
1226 4633 1279 4685 etc.
1294 4646 1306 4680 ιι
1319 4635 1373 4701 lap.
1382 4629 1554 4698 baranum,
1571 4626 1687 4684 Dicent.

274 4721 348 4780 tullo
360 4739 411 4781 soc.
422 4725 504 4800 mopl.
515 4724 708 4804 dillonsrodi,
724 4745 758 4787 en
773 4729 848 4787 arob.
862 4731 969 4789 catbed.
982 4732 1074 4802 nrm,
1086 4746 1171 4787 meza.
1182 4731 1210 4801 3,
1225 4738 1257 4784 ιιο
1270 4725 1321 4800 tt).
1391 4803 1396 4814 „
