4334 5980
245 557 342 620 luatur.
363 549 423 637 tt]
692 549 889 612 HISTORIA
913 546 1210 612 DlPLOMleCA.

461 846 1438 862 —u-——ffl—u—-o—-ffl

297 1127 509 1212 Fridericus
535 1153 602 1210 rex
629 1127 777 1210 Siciliae
802 1127 1013 1211 Berurdum
1034 1129 1313 1212 Messanensem
1332 1127 1656 1238 archiepiscopum

1693 1137 1842 1245 ems,

243 1271 283 1344 et
299 1261 498 1345 ecclesiam
515 1259 599 1372 ejus
618 1261 690 1344 sub
713 1287 784 1343 sua
805 1261 1034 1372 protectione
1060 1261 1211 1370 recipit,
1232 1259 1507 1370 confirmatque
1524 1285 1657 1343 omnes
1724 1245 1803 1288 ΜΟ

246 1396 416 1479 redditus
434 1393 516 1506 ejus
538 1405 576 1478 et
589 1393 697 1504 jura,
719 1394 928 1504 specialiter
946 1393 1143 1504 jardinum
1171 1421 1286 1478 suum
1311 1395 1525 1502 Messanae,
1545 1394 1657 1476 deci-

246 1556 352 1613 mam
377 1544 510 1641 portus
529 1539 566 1613 et
584 1528 822 1640 gabellarum
848 1529 1062 1634 Messanae,
1086 1538 1206 1610 terras
1233 1553 1333 1638 quae
1359 1537 1449 1610 sunt
1475 1527 1514 1608 in
1542 1527 1657 1636 plano

247 1663 378 1750 ltilatii
396 1675 433 1748 et
450 1663 590 1746 casalia
607 1663 713 1747 varia
730 1662 872 1746 ibidem
892 1661 1101 1746 nominata.

327 1885 420 1966 tuom.
438 1887 546 1966 partlm
559 1885 596 1948 R.
611 1885 742 1960 Pmus,
756 1881 841 1948 sust.
854 1903 948 1960 meru,
966 1892 990 1946 t.
1005 1886 1039 1957 1,
1054 1901 1085 1962 p.
1102 1881 1186 1964 tot.)

296 2080 494 2154 Friderious
506 2103 588 2173 rex,
602 2089 669 2155 etc.
689 2080 916 2154 attendentes
934 2081 1017 2156 tidei
1035 2083 1218 2178 puritatem
1236 2104 1342 2178 quam
1358 2089 1396 2152 tu
1411 2078 1573 2166 Berarde,
1595 2101 1663 2153 ue·

249 2205 413 2278 nerabilis
439 2205 669 2278 Messanensis
691 2205 966 2302 archiepiscope,
992 2207 1117 2280 dilecte
1137 2207 1314 2280 familiaris
1338 2213 1373 2278 et
1398 2205 1509 2278 fidelis
1534 2213 1660 2298 noster,

250 2330 374 2404 nostis
390 2330 668 2427 progenitoribus
686 2331 882 2404 monstrasti
901 2341 936 2404 et
947 2353 1017 2426 quc
1036 2331 1072 2404 iu
1093 2353 1219 2426 magua
1232 2331 1433 2404 necessitate
1451 2339 1566 2402 nostro
1583 2349 1663 2401 ma-

245 2455 361 2548 jestati
388 2455 556 2549 obsequia
582 2454 758 2551 prestitisti
782 2465 818 2528 et
844 2477 913 2528 non
937 2457 1047 2528 solum
1073 2477 1253 2552 personam
1284 2454 1443 2551 plurimis
1473 2453 1665 2550 exposuisti

251 2578 433 2674 periculis,
452 2579 516 2654 scd
539 2577 739 2652 thesaurum
763 2580 907 2654 ecclesio
929 2579 1159 2654 Messanensis
1185 2601 1248 2676 pro
1265 2578 1390 2654 nostris
1411 2577 1562 2650 seruitiis
1584 2599 1666 2650 em·
1804 2556 1807 2563 ’

250 2703 357 2797 gusti,
378 2702 490 2798 ipsam
512 2701 694 2774 ecclesiam
714 2701 781 2775 sub
807 2711 958 2776 nostram
983 2702 1170 2798 recipimus
1185 2701 1450 2798 protectionem,
1473 2701 1511 2772 iu
1533 2721 1665 2798 perpe-

252 2835 351 2898 tuum
381 2825 606 2900 concedimus
627 2835 662 2898 et
686 2825 930 2900 confirmamus
955 2847 1077 2900 omues
1097 2824 1257 2900 redditus
1287 2839 1323 2899 ot
1347 2827 1449 2918 jura,
1475 2824 1667 2921 specialiter

247 2949 425 3044 jardinum
443 2958 597 3023 nocuum
614 2949 710 3044 quod
729 2961 781 3024 est
798 2951 834 3023 in
851 2951 992 3024 civitate
1009 2951 1184 3042 Messana,
1198 2949 1295 3045 quod
1314 2949 1377 3022 tibi
1394 2948 1530 3024 dudum
1549 2957 1665 3022 nostra

253 3073 422 3149 celsitudo
454 3073 643 3162 concessit,
673 3072 843 3148 decimum
874 3083 995 3172 portus
1024 3085 1059 3148 et
1088 3075 1247 3166 omnium,
1276 3075 1490 3169 gabellarum
1516 3073 1667 3147 civitatis

252 3197 427 3288 Messana,
451 3207 559 3271 terras
577 3208 747 3292 quaeunt
767 3200 803 3272 in
821 3200 923 3294 plano
942 3199 1082 3283 Mileti,
1102 3199 1216 3272 casale
1239 3199 1379 3291 Bazico,
1402 3199 1515 3272 casale
1536 3197 1667 3272 Nicob-

254 3322 355 3410 uetti,
373 3323 487 3396 casale
503 3321 641 3412 Aloaro,
661 3323 773 3395 maala
789 3322 952 3414 Massari,
976 3333 1012 3396 ct
1034 3324 1161 3397 casalia
1183 3323 1363 3414 Rbalbuti,
1390 3323 1554 3416 Musube,
1577 3323 1668 3396 Pur-

253 3447 350 3520 oonis
366 3455 402 3520 et
418 3447 532 3540 Ficus,
548 3457 584 3520 et
596 3447 632 3520 in
645 3447 801 3520 Calabria
816 3447 930 3520 casale
943 3448 1082 3520 Feruliti
1095 3447 1148 3546 (l)
1163 3469 1243 3520 cum
1260 3448 1423 3520 omnibus
1435 3448 1664 3544 pertinentiis,

255 3580 362 3644 terras
377 3592 448 3666 que
464 3581 547 3644 suut
562 3572 598 3644 iu
611 3571 795 3644 tenimento
810 3571 983 3662 Panormi,
999 3593 1132 3645 necnon
1147 3593 1266 3646 omues
1279 3573 1439 3664 villanos,
1456 3571 1665 3666 molendina,

255 3695 497 3790 possessiones,
516 3695 714 3792 apothecas,
729 3696 864 3790 domos,
880 3697 1016 3787 vineas,
1031 3696 1160 3787 hortos,
1181 3705 1246 3770 etc.
1270 3751 1279 3768 .
1302 3751 1311 3769 .
1335 3751 1345 3770 .

291 3999 327 4074 (t)
345 4001 385 4058 Dc
403 4002 455 4059 isto
473 3999 554 4060 casali
571 4007 736 4060 memoratur
755 4002 828 4078 apud
850 4003 975 4062 eumdem
996 4003 1116 4076 Pirurm,
1131 4021 1159 4079 p.
1174 4007 1240 4075 tot,
1256 4004 1371 4079 epistola
1383 4004 1527 4062 Alexandri
1538 4003 1574 4062 lV
1586 4001 1670 4078 priori

256 4095 284 4154 S.
297 4095 397 4154 llariac
415 4096 588 4170 llagduleuae
604 4097 683 4156 vallis
698 4097 829 4173 Josapbut
840 4098 941 4156 directa
957 4099 1117 4174 (Anagniae,
1136 4099 1160 4157 11
1174 4099 1228 4157 lrel.
1243 4099 1323 4172 leba,
1339 4115 1410 4158 anno
1425 4100 1537 4174 primo),
1550 4115 1619 4172 quac
1633 4099 1671 4155 ita

256 4199 346 4252 sonat:
357 4215 371 4250 ι
384 4195 451 4254 Cum
470 4195 621 4254 Friderious
632 4195 696 4254 olim
709 4195 854 4272 imperator
870 4197 1069 4257 lamecensem
1083 4197 1226 4256 ecclesiam
1240 4198 1324 4256 casali
1337 4197 1372 4254 de
1382 4197 1480 4255 Ferlito
1492 4196 1545 4254 sito
1556 4195 1585 4252 iu
1595 4193 1671 4254 Calu-

259 4309 273 4344 a
287 4291 346 4349 bria
354 4297 415 4367 post
422 4291 526 4350 obitum
535 4291 606 4351 boue
619 4293 784 4352 memoriolt
798 4293 978 4352 Messanensis
988 4291 1181 4368 archiepiscopi
1193 4293 1326 4368 spoliavit,
1342 4300 1387 4350 tue
1398 4292 1550 4350 discretioni
1561 4292 1672 4350 manda·

260 4403 350 4445 »mus
367 4394 502 4462 (puteum
524 4388 612 4449 casale
634 4391 785 4465 predictum
806 4406 934 4449 rovocare
949 4407 1092 4466 procures,
1112 4399 1165 4449 etc.
1179 4391 1277 4448 aldem
1297 4389 1384 4448 casalo
1403 4395 1498 4464 postea
1519 4405 1536 4446 a
1556 4389 1673 4464 quodam

259 4485 395 4544 Gualterio
407 4487 442 4545 do
455 4487 581 4563 Appurdo
595 4487 646 4546 luit
658 4494 751 4546 rooba
762 4489 809 4562 jus
822 4495 998 4563 occupatum,
1012 4495 1043 4546 ut
1054 4495 1147 4548 monet
1159 4489 1272 4564 epistola
1279 4486 1400 4561 Gregorii
1409 4487 1451 4558 X,
1465 4487 1522 4544 dat.
1534 4487 1671 4562 Lugduni,

260 4581 325 4638 idib.
337 4583 502 4658 decembris,
515 4585 610 4662 pontit.
623 4601 693 4645 anuo
705 4587 753 4660 111,
766 4585 847 4660 otto,
860 4605 889 4663 p.
905 4589 967 4660 tta,
982 4587 1044 4644 licet
1063 4587 1132 4646 hauc
1149 4603 1291 4662 perperam
1307 4585 1437 4658 Gregorio
1455 4585 1495 4643 lx
1514 4585 1607 4645 Pirrus
1627 4593 1672 4646 at-

261 4679 373 4738 tribuat.

359 4780 387 4842 1.
1479 4793 1518 4846 24
