4382 5946
283 569 439 656 isurunS]
731 567 927 630 tttsvottlrt
954 563 1245 628 ntrtottnrtct.
1631 557 1693 620 345

283 710 444 804 diligitis,
469 707 599 780 nuliam
622 705 668 779 de
693 715 806 778 cetero
829 704 960 776 iacietis
986 703 1022 774 in
1051 701 1152 774 honis
1174 699 1285 795 ipsius
1309 696 1525 770 exactionem
1554 705 1589 767 et
1614 715 1691 768 eum

282 834 431 929 amptius
457 853 526 904 non
546 830 710 924 gravetis,
730 827 941 924 imponendo
957 827 989 899 ei
1013 826 1048 896 iu
1067 825 1170 897 rebus
1193 822 1302 918 ipsius
1324 842 1429 894 onera
1449 819 1602 915 quelibet
1619 839 1693 891 ser·

282 957 415 1047 vitutis,
438 964 473 1028 et
491 955 520 1028 si
534 977 640 1049 quum
660 952 890 1048 imposuistis,
910 950 1051 1022 omnino
1068 949 1290 1021 remittentes.
1311 944 1457 1038 injurias
1474 943 1567 1016 enim
1584 951 1619 1016 et
1636 943 1690 1014 in-

281 1079 509 1176 quietationes
526 1099 608 1150 sues
623 1075 724 1150 nohis
736 1075 985 1170 assumpsimus
999 1071 1216 1146 ulciscendas
1231 1067 1260 1165 (t
1270 1070 1297 1162 ).

1060 1408 1465 1420 mma-...1

338 1683 535 1765 Conrsdns
552 1681 750 1790 episcopus
769 1679 956 1790 Spirensis
978 1691 1016 1762 et
1036 1679 1212 1765 Metensis
1229 1688 1267 1761 et
1284 1677 1524 1762 Theobuldus
1542 1679 1691 1762 hotha-
1723 1671 1889 1772 suffitu.
1969 1675 1970 1678 ‘

282 1815 427 1926 ringiae
458 1817 536 1897 dux
563 1813 930 1896 confoederationem
956 1821 1088 1894 contre
1114 1837 1268 1894 omnem
1294 1812 1509 1918 hominem,
1537 1821 1691 1922 excepto

282 1949 543 2031 Romanorum
567 1973 657 2058 rege
674 1957 712 2029 et
729 1946 1010 2054 archiepiscopo
1023 1944 1253 2048 Trevirensi,
1273 1945 1434 2028 invicem
1452 1945 1603 2048 ineunt,
1624 1947 1694 2029 sd-

282 2081 363 2163 dito
380 2083 485 2190 quod
508 2081 540 2163 si
563 2080 693 2188 aliquo
714 2079 934 2187 interceptio
958 2077 1170 2185 advenerit,
1195 2079 1293 2162 duos
1310 2105 1356 2160 ex
1375 2078 1454 2160 suis
1471 2077 1693 2162 hominihus

283 2213 424 2324 eligent
441 2215 508 2323 qui
527 2213 738 2298 secundum
755 2237 903 2295 morem
919 2211 1136 2320 procedent.

374 2457 474 2535 (Edld.
495 2457 534 2518 D.
554 2456 691 2528 mmm,
710 2455 785 2516 Htst.
806 2452 900 2516 molto.
918 2463 947 2516 et
968 2456 1019 2517 cio.
1040 2454 1075 2516 de
1091 2456 1248 2531 umere,
1267 2461 1291 2516 t.
1311 2456 1371 2530 ΙΙΙ,
1389 2464 1419 2516 2⁸
1435 2464 1526 2535 pert,
1547 2473 1691 2535 preuves,

402 2581 432 2640 p.
449 2563 651 2638 ccccxxw,
667 2579 706 2624 ex
720 2562 844 2624 chsrtm
856 2564 953 2637 Bnrr.)

331 2781 456 2851 Notum
475 2779 519 2852 sit
536 2777 698 2862 omnihus
719 2797 861 2873 presens
884 2775 1050 2869 scriptum
1068 2775 1286 2848 cernentibus
1303 2775 1400 2871 quod
1418 2775 1596 2851 Conrudus
1620 2779 1692 2852 Me·

283 2901 389 2977 tensis
406 2912 441 2974 et
458 2899 627 2996 Spirensis
643 2901 845 2996 episcopus,
865 2898 1051 2994 imperialis
1067 2899 1146 2970 aule
1163 2889 1404 2988 cancellarius,
1425 2909 1460 2971 et
1475 2899 1693 2974 Theobuldus

284 3025 360 3098 dux
375 3025 592 3119 Lotharingie
609 3037 644 3096 et
663 3024 833 3114 marchio,
855 3044 969 3096 comes
987 3024 1148 3096 Meteusis
1166 3023 1263 3097 etde
1282 3023 1423 3098 Dubour
1434 3023 1504 3122 (a),
1525 3027 1693 3118 conjuro-

284 3159 411 3222 verunt
427 3150 494 3222 sibi
514 3158 665 3244 prestare
683 3149 855 3222 auxilium
871 3148 917 3222 nd
935 3148 1084 3221 invicem
1101 3157 1218 3220 contre
1230 3169 1368 3220 omnem
1380 3149 1554 3224 hominem
1568 3152 1693 3226 viven-

284 3285 352 3348 tem
368 3273 484 3368 qnoad
501 3273 666 3346 vixerint.
686 3272 754 3346 Sed
770 3271 954 3368 episcopus
973 3274 1134 3346 Meteusis
1152 3273 1288 3368 excepit
1304 3295 1351 3346 ex
1366 3283 1464 3369 parte
1480 3296 1544 3348 sua
1561 3276 1692 3349 Roma-

284 3420 406 3471 norum
425 3420 540 3492 regem
553 3406 588 3471 et
599 3397 779 3471 dominum
793 3396 1044 3469 Theodericum
1055 3397 1272 3470 Trevirorum
1285 3398 1595 3496 archiepiscopum.
1610 3401 1692 3472 Dux

284 3529 399 3594 autem
424 3521 561 3616 excepit
589 3543 636 3594 cx
658 3530 755 3616 parte
778 3542 843 3592 sua
866 3519 1028 3593 eumdem
1049 3521 1279 3594 Romanorum
1303 3544 1421 3616 regem
1450 3531 1485 3597 et
1512 3523 1692 3597 dominum

284 3644 532 3717 Theodericum
549 3644 768 3717 Trevirorum
786 3642 1080 3740 archiepiscopum
1097 3655 1132 3718 et
1149 3647 1362 3718 avunculum
1383 3670 1487 3720 suum
1506 3649 1693 3722 Henricum

286 3768 443 3841 comitem
461 3768 567 3842 Burri.
592 3769 812 3862 Exceperunt
829 3769 934 3839 etium
953 3766 1136 3863 episcopus
1154 3777 1189 3840 et
1206 3767 1282 3841 dux
1300 3769 1456 3844 homines
1472 3772 1533 3866 qui
1553 3795 1693 3869 percos

284 3913 322 3966 se
337 3894 465 3966 velient
475 3891 669 3986 justificari.
689 3894 778 3965 Sene
795 3892 957 3966 dominus
972 3893 1010 3966 C.
1027 3893 1190 3968 Metensis
1205 3904 1240 3966 et
1256 3895 1319 3967 Th.
1336 3895 1411 3968 dux
1427 3897 1463 3968 in
1479 3897 1546 3970 hoc
1563 3919 1690 3972 couve-

285 4028 411 4092 uerunt
427 4017 522 4113 quod
541 4017 571 4090 si
584 4017 700 4112 eliqua
711 4017 814 4090 fuerit
827 4017 1027 4115 interceptio
1045 4017 1245 4115 capitelium
1263 4019 1351 4094 inter
1369 4041 1428 4094 eos
1443 4022 1498 4095 vel
1512 4021 1690 4094 homiuum

326 4219 370 4302 (a)
391 4223 481 4285 Recte
495 4228 594 4285 eutem
607 4219 767 4302 nemoy.

321 4513 356 4590 (t)
374 4516 477 4571 Desunt
487 4514 593 4572 omnino
607 4513 807 4586 chronologicae
821 4518 909 4570 notae.
924 4511 976 4569 Sed
990 4529 1074 4587 quum
1087 4513 1177 4588 potins
1195 4528 1253 4570 rem
1268 4513 1301 4571 ed
1315 4513 1509 4574 hamdtenses
1526 4516 1693 4577 roh-rendam

283 4629 345 4670 esse
357 4613 528 4677 arbitremur,
542 4611 694 4668 msndstum
708 4611 742 4668 od
756 4611 806 4669 hoc
820 4617 926 4684 tempus
937 4611 1070 4684 pertinere
1083 4611 1162 4670 nohis
1174 4611 1280 4670 videtur
1290 4627 1344 4686 quo
1355 4611 1506 4672 thidericus
1516 4617 1588 4691 opud
1598 4619 1694 4677 Metios

284 4717 311 4766 et
325 4711 351 4766 iu
368 4709 536 4784 Lotharingia
547 4713 665 4767 motetus
676 4715 727 4765 est.

384 4809 411 4870 1.
728 4885 735 4898 .
1494 4822 1531 4874 44
