4378 5954
260 587 359 652 aare.
374 582 417 662 4.]
707 581 904 644 ursronra
927 579 1217 644 orruouerrca.
1635 578 1673 642 er

262 721 388 794 milites
412 725 547 790 nostros
574 737 595 788 a
621 717 858 810 persecutione
884 727 1102 792 revocassent
1125 715 1253 810 ipsius,
1273 715 1378 788 bodie
1403 715 1502 810 plena
1520 715 1583 788 tibi
1602 737 1673 810 pax

261 851 407 918 essolet
429 849 545 935 optata
568 861 676 934 ragno
694 840 922 934 tranquillitas
939 841 1103 912 restituta.
1126 839 1214 910 Ecce
1237 839 1274 910 in
1295 838 1361 910 boc
1379 839 1501 912 tutoris
1518 838 1673 912 debitum

262 964 488 1038 extendentes
505 973 540 1036 et
562 985 631 1036 nou
656 974 724 1036 mm
748 963 831 1034 balii
851 983 1030 1058 personam
1060 971 1217 1055 gerentes
1233 983 1338 1054 qoam
1353 971 1461 1049 tuam,
1476 984 1556 1034 cum
1572 982 1673 1034 nemo

262 1097 404 1182 cogatur
425 1087 499 1160 suis
521 1087 718 1180 sumptibus
736 1088 883 1160 militare
909 1095 944 1164 at
967 1109 1013 1160 cx
1040 1086 1264 1182 dispositione
1280 1087 1505 1180 imperatricis
1522 1086 1673 1180 predicte

261 1222 421 1308 sumptus
447 1210 547 1282 nobis
569 1221 684 1284 esseut
710 1232 773 1306 pro
798 1211 895 1306 regui
920 1210 1181 1284 necessitatibus
1206 1208 1441 1298 ministrandi,
1461 1210 1497 1280 iu
1511 1209 1674 1305 expensis

262 1345 376 1410 tamen
401 1335 526 1408 uostris
550 1343 649 1406 tuum
680 1333 870 1426 dejecimus
900 1335 1096 1423 iuimicum;
1122 1335 1169 1408 ita
1193 1334 1289 1428 quod
1318 1341 1433 1428 proter
1455 1355 1567 1428 pauca
1588 1335 1674 1408 dum

262 1481 394 1534 moram
414 1460 581 1548 lacerent,
604 1457 689 1530 nibil
702 1458 759 1530 vel
774 1457 809 1529 in
825 1479 965 1532 acmo
988 1459 1045 1532 vel
1067 1459 1104 1530 iu
1124 1481 1261 1532 recessu
1286 1459 1411 1532 milites
1435 1459 1582 1532 nostrie
1605 1459 1674 1532 tuis

263 1583 488 1656 familiaribus
504 1590 726 1678 receperunt,
748 1580 812 1654 sed
837 1592 949 1676 preter
966 1603 1137 1676 expensas
1155 1582 1429 1656 emendationem
1447 1603 1621 1656 armorum
1639 1593 1675 1656 et

263 1729 431 1802 equorum
449 1705 617 1780 militibus
630 1705 756 1778 nostris
771 1705 939 1779 duximus
957 1706 1165 1780 faciendam.
1184 1705 1332 1791 Quidam
1350 1717 1466 1778 autem
1481 1727 1528 1779 ex
1543 1705 1675 1780 eisdem

262 1833 491 1906 familiaribus
508 1831 569 1926 qui
588 1831 739 1925 quietem
758 1830 856 1924 regui
875 1851 945 1904 uon
963 1839 1144 1926 appetunt,
1162 1829 1226 1904 sed
1239 1829 1276 1902 iu
1288 1829 1364 1922 ojus
1375 1830 1569 1904 turbatione
1581 1851 1675 1904 com·

262 1955 367 2030 moda
384 1977 448 2028 sua
466 1964 620 2050 ponunt,
642 1954 678 2026 in
702 1977 793 2048 aqua
817 1953 956 2028 turbida
974 1955 1099 2050 piscari
1123 1955 1247 2028 melius
1264 1975 1303 2028 se
1319 1953 1514 2044 credentes,
1536 1975 1580 2026 ue
1598 1964 1675 2026 tur·

262 2080 357 2154 butio
374 2100 481 2174 reguo
499 2077 607 2166 desit,
623 2076 747 2150 eodem
763 2079 969 2152 marescalco
986 2077 1032 2150 ad
1051 2099 1113 2150 nos
1130 2079 1205 2152 aine
1223 2077 1498 2152 remuneratione
1515 2077 1671 2168 remisso,

264 2213 381 2276 contra
399 2204 514 2276 claves
531 2201 682 2274 Ecclesia
700 2223 769 2295 que
787 2201 979 2297 predictum
1003 2202 1238 2276 Marcualdum
1262 2224 1342 2274 cum
1369 2201 1540 2276 universis
1558 2203 1676 2276 fautu·

263 2327 360 2404 ribus
386 2336 421 2400 at
446 2325 673 2421 participibus
700 2325 774 2396 suis
800 2325 1166 2400 excommunicationis
1197 2325 1329 2421 laqueis
1346 2325 1549 2418 innodavit,
1569 2347 1676 2420 quam

264 2450 330 2546 ipsi
349 2451 451 2524 etiam
470 2470 530 2523 ore
548 2449 685 2543 proprio
704 2450 940 2544 publicarunt,
965 2450 1032 2524 sub
1060 2451 1175 2544 specie
1199 2451 1294 2544 pacis
1323 2473 1393 2544 que
1420 2451 1509 2526 sicut
1534 2450 1677 2524 allectus

265 2573 394 2648 indicat
411 2551 579 2668 pernicies
604 2573 719 2668 potius
742 2583 795 2646 ast
812 2574 980 2662 dicenda,
1001 2575 1038 2646 iu
1056 2585 1160 2670 caput
1178 2585 1276 2646 tuum
1293 2595 1435 2648 erexere
1453 2575 1623 2667 dejectum
1641 2585 1677 2648 et

262 2696 433 2788 iacentem
459 2696 495 2766 in
524 2695 725 2768 familiarem
753 2697 906 2770 stabilire
922 2719 1056 2790 regrum
1076 2708 1377 2793 presumpserunt,
1402 2699 1501 2790 quasi
1520 2707 1625 2770 totam
1643 2699 1677 2772 ei

266 2821 441 2914 potestatis
466 2819 715 2914 plenitudinem
741 2822 778 2892 in
802 2842 910 2916 ragno
932 2822 1048 2894 Sicilie
1072 2822 1297 2897 conferentes.
1316 2821 1359 2892 Et
1383 2841 1427 2892 ne
1450 2818 1596 2894 debilior
1613 2821 1677 2895 sed

266 2943 383 3016 fortior
405 2944 520 3039 potius
541 2963 588 3016 ex
613 2966 696 3018 casu
715 2955 908 3040 resurgeret
925 2955 960 3020 et
978 2945 1014 3018 in
1032 2944 1209 3018 excidium
1228 2953 1325 3020 tuum
1345 2945 1495 3040 amplius
1513 2947 1678 3040 prevale-

266 3077 335 3158 ret,
357 3067 529 3142 universis
549 3069 696 3164 captivis
713 3093 802 3164 quos
820 3071 857 3142 iu
875 3073 957 3165 fuga
976 3075 1051 3164 ejus
1069 3079 1267 3164 receperant
1284 3070 1468 3162 restitutis,
1488 3071 1592 3142 etiam
1609 3070 1678 3144 ho-

266 3191 399 3262 minum
418 3192 515 3284 regui
534 3193 566 3266 ei
585 3193 769 3268 voluerunt
786 3217 984 3290 comparare
1009 3198 1179 3288 favorem,
1201 3217 1322 3292 paoem
1346 3196 1465 3268 initam
1483 3195 1539 3270 vel
1558 3195 1677 3290 parni-

268 3313 355 3386 cicm
373 3316 488 3409 potius
501 3327 715 3410 procuratam
727 3321 930 3394 mandantes
942 3343 1004 3415 per
1017 3321 1218 3394 universum
1231 3341 1376 3413 reguum
1391 3319 1467 3392 siva
1481 3319 1677 3394 volentibus

267 3437 343 3512 aiva
370 3441 567 3514 uolentibus
592 3441 835 3518 iuviolabiliter
864 3445 1055 3520 observari.
1075 3447 1164 3518 Ecce
1189 3443 1337 3538 qualiter
1366 3443 1466 3516 uobis
1495 3443 1678 3516 familiares

268 3563 354 3657 regii
373 3563 590 3652 detulerunt,
611 3567 757 3660 qualiter
774 3589 838 3640 suo
860 3570 1108 3642 consuluerunt
1134 3569 1273 3654 honori,
1295 3567 1358 3663 qui
1377 3577 1415 3638 ut
1436 3575 1536 3640 tuum
1562 3568 1679 3661 erige-

268 3696 345 3760 rent
374 3687 554 3768 iuimicum
583 3700 701 3765 ooutm
722 3692 955 3782 juramentum
980 3692 1154 3766 fidelitatis
1181 3713 1251 3788 quo
1280 3690 1423 3786 quidam
1454 3711 1574 3764 eorum
1599 3701 1679 3764 suut

269 3809 369 3882 uobis
395 3811 522 3884 astricti
545 3821 581 3884 et
606 3813 695 3884 illud
724 3815 828 3888 etiam
854 3815 949 3910 quod
975 3815 1020 3890 de
1045 3837 1114 3890 nou
1139 3816 1478 3910 componendorum
1505 3815 1581 3910 ipso
1605 3815 1680 3888 siue

268 3932 432 4014 mandato
458 3943 574 4008 nostro
601 3936 833 4029 prestiterant,
862 3939 1133 4033 persecutionem
1157 3940 1367 4012 suscitavere
1390 3939 1553 4033 sopitam,
1583 3937 1680 4010 virus

269 4055 376 4149 angui
394 4065 429 4128 et
446 4057 581 4131 camino
597 4059 712 4130 oleum
731 4059 963 4136 infundentes.
987 4061 1087 4134 Unde
1108 4083 1178 4156 qua
1200 4061 1311 4134 fronte
1328 4062 1384 4132 vel
1402 4061 1466 4155 ipsi
1486 4081 1548 4155 pro
1566 4081 1605 4132 se
1622 4081 1678 4132 ro·

269 4199 353 4273 gare
369 4180 502 4274 possint
518 4181 574 4253 vel
593 4183 682 4254 aliua
697 4183 811 4256 valeat
829 4185 1041 4258 intercedere
1060 4207 1121 4280 pm
1139 4183 1283 4275 eisdam,
1298 4205 1378 4256 cum
1396 4182 1539 4278 quidam
1559 4203 1677 4254 eorum

270 4303 414 4396 gratiam
427 4314 578 4377 nostram
593 4303 839 4398 demeruerint,
851 4307 962 4382 donec
974 4331 1125 4403 congrue
1136 4307 1347 4382 satisfaciant
1359 4329 1427 4380 nou
1440 4303 1622 4401 videmus(
1646 4301 1674 4402 ),

307 4601 342 4677 (l)
360 4603 460 4662 llludit
469 4605 597 4666 Gualtero
607 4609 773 4682 cancellario,
780 4611 895 4685 Trojano
907 4614 1044 4687 episeopo,
1054 4615 1101 4687 qui
1110 4629 1172 4672 oum
1182 4617 1244 4687 post
1255 4616 1368 4668 mortem
1381 4608 1573 4668 bartholomaei
1587 4607 1680 4668 archi·

271 4703 391 4776 opiroopi
404 4704 598 4784 Panormitam,
613 4723 644 4766 se
657 4709 692 4766 ad
705 4709 775 4770 banc
786 4711 879 4770 aedem
892 4711 1124 4786 metropolitanam
1136 4710 1265 4785 medani
1278 4709 1386 4768 fecisset
1397 4723 1447 4768 neo
1459 4723 1476 4768 a
1490 4723 1595 4768 summo
1611 4723 1681 4782 pou·

351 4801 379 4864 1.
1486 4817 1520 4870 ll
