4434 5942
251 599 349 658 lmrcr.
365 591 407 675 ἃ]
702 583 901 646 HISTORIA
925 581 1217 646 olenonnrrcn.
1626 585 1667 646 47

250 733 342 806 vires
369 730 505 805 interim
535 729 707 826 recipiens
735 727 938 802 cumularet.
969 727 1117 800 Noverat
1143 727 1245 800 etiam
1273 723 1423 822 pecunie
1452 731 1567 796 nostre
1597 721 1667 796 de-

253 861 381 932 lectum
400 863 435 930 et
451 854 548 950 qnod
566 863 707 951 propter
728 853 959 948 importunam
977 853 1287 926 murmurationem
1305 847 1609 946 stipendiariorum
1632 857 1668 920 et

253 981 452 1056 instantiam
465 979 547 1054 belli
560 989 634 1053 eret
645 977 746 1051 uobis
760 978 952 1074 periculosa
967 976 1100 1066 dilatio,
1114 985 1149 1049 et
1162 975 1243 1050 ideo
1255 974 1373 1047 verbis
1391 971 1579 1046 detinendo
1592 973 1667 1048 sive

253 1103 461 1201 decipiendo
487 1124 551 1176 uos
579 1102 741 1176 dulcibus
771 1103 957 1196 illaqueare
991 1101 1166 1175 credebat.
1196 1101 1416 1196 Fecisseque
1446 1099 1537 1172 votis
1563 1098 1663 1193 satis,

251 1230 432 1328 presertim
457 1251 537 1302 cum
560 1231 632 1322 jam
651 1225 869 1300 audientium
895 1226 1029 1300 animos
1054 1227 1100 1301 ad
1124 1225 1220 1322 pacis
1242 1247 1305 1299 sue
1323 1223 1543 1298 concordiam
1565 1223 1668 1296 inoli-

252 1363 384 1448 nasset,
405 1354 471 1426 nisi
496 1353 639 1426 consilia
660 1351 856 1448 principum
872 1351 1041 1424 Dominus
1058 1350 1209 1448 desuper
1225 1350 1288 1446 qui
1306 1349 1403 1422 novit
1426 1350 1542 1422 omnia
1566 1359 1668 1422 anto-

252 1500 359 1576 quam
388 1476 474 1551 liunt
499 1485 535 1550 et
565 1476 790 1570 cogitationes
817 1474 998 1547 bominum
1026 1495 1047 1546 a
1078 1477 1180 1569 longe
1208 1473 1424 1564 considerat,
1452 1473 1665 1570 dissipasset.

253 1601 423 1675 Omnibus
445 1601 538 1674 onim
558 1599 705 1674 diuersis
721 1609 756 1674 et
772 1599 880 1672 variis
896 1599 1026 1694 linguis
1043 1621 1114 1694 que
1132 1601 1169 1672 in
1182 1599 1336 1672 exercitu
1355 1608 1453 1672 erant
1470 1600 1567 1692 regio
1584 1621 1668 1673 eon·

253 1733 395 1822 gregata
415 1728 629 1800 voluntatem
653 1733 689 1797 ot
712 1743 834 1796 vocem
852 1724 999 1796 contulit
1021 1723 1228 1795 uniformem
1252 1733 1291 1794 ut
1317 1743 1437 1796 omnes
1461 1723 1670 1797 unanimiter

255 1850 428 1944 dicerent,
447 1869 568 1924 omues
580 1871 651 1922 una
667 1867 755 1921 voce
768 1848 972 1922 clamarent:
984 1849 1132 1922 «Pacem
1148 1847 1439 1920 exeommunicati
1455 1848 1665 1942 respuimus,

255 1975 387 2048 inimici
411 1975 474 2050 Dei
500 1983 536 2048 et
560 1973 742 2048 homiuum
769 1973 987 2047 concordium
1015 1973 1154 2069 penitus
1180 1973 1256 2044 sine
1282 1973 1377 2044 omni
1407 1972 1549 2046 oonsilio
1574 1973 1668 2046 reln-

255 2109 380 2174 tamus.
401 2127 420 2170 n
441 2101 569 2175 Verum
591 2107 730 2194 propter
754 2098 819 2171 heo
840 2099 949 2172 uerba
972 2119 1038 2172 nec
1062 2099 1120 2170 ille
1143 2119 1262 2192 paoem
1281 2119 1380 2170 suam
1398 2097 1584 2171 desistebat
1605 2119 1669 2174 ex·

255 2233 372 2322 petere
388 2245 452 2298 nec
469 2231 668 2298 tractatores
683 2222 791 2295 nostri
815 2244 885 2318 que
900 2223 946 2296 sb
963 2244 1006 2296 eo
1024 2221 1307 2319 proponebantur
1325 2245 1388 2297 sou
1406 2225 1669 2320 postulabantur

256 2349 391 2424 audire.
409 2349 546 2422 lituum
565 2350 637 2422 lere
652 2346 733 2421 linis
747 2347 820 2440 jam
843 2357 935 2421 essct
953 2356 988 2420 et
1004 2347 1299 2420 murmurantibus
1320 2349 1482 2421 omnibus
1497 2371 1566 2446 pax
1585 2370 1668 2423 oon·

256 2475 422 2548 summari
438 2475 600 2562 deberet,
620 2495 690 2569 quo
703 2483 819 2548 nostre
834 2473 940 2570 partis
955 2495 1017 2570 pro
1032 2483 1125 2547 certo
1140 2473 1315 2548 continere
1332 2472 1519 2547 ridebatur
1536 2475 1668 2548 incom-

256 2599 400 2672 modum
427 2621 493 2674 neo
523 2601 568 2674 ad
596 2607 752 2672 nostrum
783 2598 962 2694 spectabat
993 2599 1179 2686 bonorem,
1214 2599 1377 2691 magister
1411 2599 1670 2672 Bartholomens

256 2725 402 2822 scriptor
417 2733 532 2799 vester
548 2725 609 2820 qui
628 2734 831 2798 nostramet
849 2725 1001 2798 Ecclesia
1016 2726 1079 2797 Dei
1098 2725 1261 2819 injuriam
1279 2725 1507 2819 equanimiter
1526 2727 1670 2800 tolerare

256 2870 325 2924 nou
343 2859 474 2946 potest,
500 2849 648 2924 audiens
665 2847 761 2944 quod
780 2849 847 2922 ista
865 2849 1051 2922 concordia
1068 2850 1105 2921 in
1124 2849 1245 2922 odium
1263 2857 1568 2945 contemptumque
1588 2871 1668 2924 vos·

257 2985 348 3048 num
366 2973 441 3048 lieri
460 2973 610 3048 debebat
625 2983 661 3047 ot
678 2974 892 3068 quodetiam
911 2975 973 3048 toti
989 2995 1098 3070 regno
1113 2983 1246 3070 poterat
1262 2995 1339 3048 esse
1357 2973 1538 3066 damnosa,
1555 2976 1671 3049 literas

257 3099 498 3195 prohibitionis
514 3107 627 3172 vestre
640 3097 808 3194 produxit
822 3099 858 3170 in
876 3098 1045 3190 medium,
1061 3109 1097 3172 et
1111 3099 1173 3172 ubi
1187 3109 1300 3196 preter
1314 3099 1573 3172 devotissimum
1591 3122 1671 3176 ves-

257 3232 349 3297 trum
376 3223 557 3298 dominum
585 3225 711 3298 Montis
736 3225 891 3320 Regalis,
920 3234 989 3298 tres
1011 3235 1109 3297 erant
1135 3225 1193 3297 alii
1218 3225 1350 3298 domini
1380 3228 1580 3320 cougregati
1609 3251 1671 3324 pro

257 3349 454 3442 tractanda,
481 3350 588 3423 immo
617 3349 829 3446 perficienda
859 3349 953 3424 dicta
974 3349 1175 3444 concordia,
1203 3348 1364 3424 videlicet
1390 3353 1614 3426 cancellarius
1637 3363 1673 3428 et

258 3471 391 3547 domini
410 3473 641 3548 Messanensis
658 3485 693 3547 et
706 3473 992 3571 cephaludensis,
1009 3485 1167 3568 presente
1182 3474 1349 3567 jamdicto
1366 3476 1537 3571 Repuerio
1550 3479 1673 3552 nuntio

257 3596 470 3683 Meroualdi,
485 3599 628 3694 protulit
656 3607 691 3673 et
712 3599 903 3693 assignavit
925 3597 1054 3671 litteras
1078 3608 1229 3692 vestras,
1256 3597 1398 3672 tirmiter
1420 3599 1608 3697 prohibens
1622 3605 1673 3678 eis

255 3723 358 3815 juxta
376 3731 529 3796 tenorem
553 3722 709 3797 mandati
729 3733 770 3796 ut
784 3745 864 3796 oum
883 3722 1082 3797 lllaroualdo
1100 3725 1312 3818 nequissimo
1333 3735 1473 3824 pactum
1491 3750 1560 3802 nou
1583 3731 1674 3806 iacc-

258 3857 336 3921 ront
358 3869 472 3943 neque
494 3847 614 3922 finem.
629 3849 771 3923 Factum
792 3857 844 3921 ost
868 3847 986 3942 itaque
1009 3858 1048 3920 ut
1073 3857 1147 3920 tum
1172 3871 1235 3944 pro
1260 3852 1426 3926 mandato
1444 3863 1578 3942 vestro,
1600 3865 1674 3930 tum

258 3971 343 4066 quia
357 3972 464 4046 totius
481 3975 654 4048 exercitus
672 3983 707 4046 et
728 3973 849 4070 populi
870 3971 1100 4046 Panormitani
1122 3975 1289 4046 tumultus
1312 3975 1416 4048 nimis
1440 3979 1616 4052 crescebat
1640 3991 1675 4054 et

260 4117 430 4187 murmur,
446 4105 526 4194 post
542 4097 635 4172 diem
649 4106 826 4194 quartum,
847 4097 937 4169 inter
951 4097 1157 4169 Panormum
1172 4105 1207 4170 ot
1221 4098 1372 4172 Montem
1390 4101 1551 4195 Regalem
1567 4127 1674 4198 quem

259 4219 529 4296 Marcualdusri
544 4231 681 4318 ceperat
696 4229 731 4294 el
744 4221 901 4312 tenebat,
919 4221 963 4293 ab
979 4220 1063 4294 bora
1077 4221 1176 4294 tertia
1190 4243 1303 4318 usque
1315 4225 1386 4298 sere
1401 4224 1448 4299 ad
1465 4247 1592 4299 nonam
1608 4228 1674 4300 luit

259 4341 342 4418 hinc
360 4343 444 4419 iude
458 4347 643 4421 fortissime
657 4347 860 4444 preliatum;
877 4356 912 4420 et
929 4345 1085 4438 mndem,
1103 4346 1193 4420 sicut
1206 4349 1352 4422 Domino
1369 4350 1516 4444 placuit,
1537 4371 1674 4447 prome·

260 4469 417 4542 uentibus
434 4472 562 4546 sanctis
581 4471 794 4546 orationibus
818 4471 961 4561 vostris,
984 4481 1063 4566 post
1085 4474 1211 4544 multas
1230 4472 1338 4565 partis
1358 4471 1504 4546 adverse
1525 4482 1671 4568 strages,

262 4592 497 4669 mutilationes
517 4606 553 4670 et
573 4597 696 4686 cedes,
721 4615 783 4692 per
803 4594 933 4690 egregii
959 4595 1027 4667 viri
1053 4595 1185 4669 domini
1211 4597 1403 4670 marescalli
1427 4598 1532 4671 vestri
1558 4599 1674 4672 subsi-

263 4717 362 4792 dium
378 4721 536 4816 quicum
553 4723 627 4797 suis
642 4723 679 4795 iu
698 4731 853 4797 extremo
868 4721 999 4794 locatus
1013 4721 1190 4795 castellum
1207 4722 1359 4816 tenebat,
1380 4722 1485 4798 immo
1510 4724 1584 4822 ipse
1600 4747 1676 4800 oas-
