4434 5942
266 569 368 628 lucror.
383 565 426 648 dal
716 560 915 623 HISTORIA
939 561 1231 627 ollbomatlch.
1641 561 1679 623 dl

268 721 431 798 superare
448 719 518 771 nou
538 697 669 792 potuit,
686 696 793 770 immo
808 698 868 791 qui
886 698 1011 772 nostris
1027 707 1079 770 est
1095 699 1231 771 viribus
1248 706 1445 794 superatus,
1465 717 1527 792 per
1541 696 1682 770 fraudes

265 827 382 899 valeat
404 843 587 920 superare,
608 821 672 895 sed
694 821 807 916 magis
828 822 865 894 in
883 824 957 896 suis
976 822 1158 896 fraudibus
1181 830 1377 918 superetur,
1398 841 1581 894 monemus
1598 821 1683 892 nni-

264 949 464 1022 versitatem
492 953 644 1019 restrum
674 952 709 1016 et
732 945 959 1020 exhortamur
982 947 1018 1019 iu
1047 945 1194 1020 Domino
1217 955 1252 1020 et
1279 967 1343 1042 per
1372 945 1558 1041 apostolica
1584 943 1683 1017 vobis

266 1073 394 1170 scripta
415 1081 486 1144 mm
508 1076 669 1166 exparte
689 1077 804 1144 nostra
821 1093 927 1164 quem
950 1071 1043 1166 regis
1064 1070 1217 1144 districte
1234 1070 1462 1166 precipientes
1477 1067 1683 1141 mandamus

265 1205 437 1294 quatenus
476 1193 589 1268 eidem
616 1193 818 1268 hlarcualdo
856 1195 917 1290 qui
950 1194 996 1269 ad
1027 1195 1288 1291 oppressionem
1318 1204 1470 1268 vestram
1501 1193 1685 1266 revertitur

266 1321 351 1394 citra
374 1321 537 1410 Pharum,
564 1337 634 1392 non
663 1317 903 1414 respondeatis
929 1319 964 1391 in
984 1321 1120 1415 aliquo,
1145 1319 1208 1393 sed
1237 1321 1327 1392 sicut
1353 1317 1541 1407 hactenus,
1568 1318 1683 1412 potius

267 1447 373 1519 immo
395 1445 517 1517 lortius
533 1465 640 1538 quam
660 1443 847 1540 hactenus,
873 1455 1028 1542 potenter
1050 1454 1085 1518 et
1104 1444 1250 1518 viriliter
1273 1444 1458 1528 resistatis3
1475 1443 1558 1539 quia
1577 1441 1606 1514 si
1624 1463 1681 1516 re-

265 1571 385 1643 sistere
400 1569 589 1660 volueritis,
611 1590 679 1642 non
695 1571 821 1664 poterit
834 1572 1026 1668 prevalere,
1044 1591 1125 1642 oum
1140 1570 1342 1663 virtusejus
1360 1569 1405 1642 sit
1423 1569 1563 1666 penitus
1583 1589 1682 1640 ener-

265 1703 363 1784 vata;
383 1715 448 1766 neo
464 1693 672 1766 moveamini
685 1692 732 1766 ad
746 1695 875 1766 litteras
890 1695 919 1767 si
931 1715 1002 1788 que
1019 1695 1119 1766 vobis
1137 1693 1266 1766 fuerint
1280 1694 1347 1766 sub
1363 1693 1476 1788 sigillo
1495 1703 1528 1766 et
1542 1693 1683 1766 nomine

265 1818 361 1912 regio
377 1817 558 1908 destinate,
580 1839 658 1890 cum
679 1840 750 1892 uon
770 1839 834 1892 rex
856 1819 901 1892 sit
915 1827 1036 1893 auctor
1053 1840 1187 1910 earum,
1204 1816 1267 1892 sed
1285 1817 1443 1916 ispotins
1459 1817 1520 1912 qui
1540 1838 1682 1912 compo-

266 1941 426 2015 sitionem
440 1942 555 2014 inivit.
572 1943 644 2016 Nec
663 1942 813 2017 credatis
829 1943 926 2040 qnod
948 1943 994 2016 ob
1015 1943 1199 2016 utilitatem
1219 1949 1371 2016 nostram
1389 1942 1455 2016 istu
1474 1941 1678 2033 scribamus,

265 2087 345 2140 cum
368 2066 478 2162 parati
505 2066 574 2138 sint
594 2067 668 2158 illi,
684 2067 714 2140 si
728 2067 923 2142 consentire
939 2068 1108 2142 vellemus
1128 2066 1366 2162 compositioni
1388 2065 1560 2162 predicte,
1581 2086 1681 2138 man·

264 2189 355 2264 datis
368 2187 573 2287 Apostolicis
590 2191 749 2266 obedire.
770 2189 841 2265 Sed
858 2189 905 2264 ad
918 2191 984 2264 ista
1001 2213 1182 2265 movemur
1195 2191 1310 2288 potius
1324 2213 1371 2264 ne
1389 2187 1474 2263 fiant
1492 2189 1680 2264 novissima

264 2323 379 2388 vestra
391 2314 560 2389 deteriora
573 2315 758 2412 prioribus,
770 2323 804 2389 et
816 2315 863 2390 ad
876 2326 1060 2391 extraneos
1072 2316 1260 2390 deveniant
1274 2315 1398 2390 domus
1409 2323 1524 2388 vestre
1536 2324 1571 2388 et
1579 2313 1679 2390 vohis

264 2436 302 2508 in
326 2437 471 2511 exilium
494 2437 674 2512 destinatis
693 2441 751 2513 vel
772 2439 880 2514 variis
905 2441 1114 2514 cruciatibus
1138 2440 1368 2536 interemptis,
1394 2447 1520 2512 matres
1545 2447 1580 2512 et
1599 2448 1681 2512 nate

264 2572 390 2656 vestre,
412 2584 541 2636 uxores
557 2565 684 2661 pariter
705 2573 740 2638 et
759 2587 896 2640 sorores
915 2567 1174 2641 dehonestando
1193 2565 1373 2640 trudantur
1389 2564 1424 2636 in
1441 2565 1602 2637 manibus
1617 2585 1681 2636 ex-

264 2694 429 2779 lemmm,
446 2688 560 2783 sitque
579 2690 681 2785 pejus
700 2689 744 2762 iis
761 2690 823 2785 qui
839 2690 968 2763 luerint
987 2691 1024 2763 in
1044 2711 1152 2785 regno
1173 2689 1285 2764 relicti
1305 2699 1375 2762 tam
1394 2689 1538 2785 turpiter
1559 2689 1680 2761 vivere

264 2831 369 2906 quam
392 2813 537 2886 exulare
560 2815 617 2886 vel
642 2813 742 2887 mori.
764 2814 934 2889 Noveritis
951 2823 1070 2888 autem
1090 2813 1186 2909 quod
1207 2813 1289 2886 licet
1309 2813 1476 2886 hactenns
1497 2833 1560 2907 pro
1581 2811 1679 2903 regni

265 2932 466 3010 defensione
484 2937 609 3010 multas
628 2938 838 3012 subierimus
854 2939 1047 3013 anxietates
1064 2937 1306 3012 sollicitudinis
1320 2947 1354 3009 et
1369 2958 1553 3032 expensas,
1570 2957 1679 3032 expo-

263 3069 385 3132 nentes
403 3081 466 3156 pm
481 3061 557 3157 ipso
576 3063 696 3135 fratres
711 3073 862 3154 nostros,
879 3063 1152 3157 consanguineos
1166 3071 1201 3135 ct
1217 3061 1351 3150 fideles,
1367 3082 1546 3155 nunquam
1560 3071 1677 3132 tamen

263 3183 354 3257 circu
373 3182 611 3260 defensionem
631 3189 708 3280 ejus
727 3187 949 3284 tepescimus,
967 3187 1031 3261 sed
1048 3187 1230 3262 sollicitius
1243 3188 1343 3261 solito
1360 3187 1565 3282 vigilamus,
1586 3185 1676 3258 sicut

263 3307 299 3380 in
316 3311 475 3404 proximo
489 3311 595 3386 dante
610 3314 757 3387 Domino
774 3335 835 3410 per
849 3313 1124 3411 experimentum
1137 3313 1250 3409 operis
1263 3312 1429 3386 sentietis.

311 3435 436 3506 Datum
450 3435 619 3509 Laterani.

313 3550 460 3656 [Extant
474 3561 562 3635 aliae
580 3561 713 3636 litterae
733 3561 987 3638 exhortatoriae
1009 3563 1055 3638 ad
1074 3564 1225 3638 nobilem
1243 3563 1358 3637 rimm
1377 3563 1413 3634 S.
1430 3561 1591 3636 comitem
1609 3561 1677 3634 Ita·

262 3683 383 3777 gusiae
399 3684 553 3760 directae
568 3697 685 3762 contra
699 3687 952 3780 Marcualdum,
968 3687 1101 3780 ibidm,
1121 3713 1157 3786 p.
1178 3689 1240 3782 25,
1257 3695 1294 3760 n⁰
1308 3684 1433 3785 XXll.]

261 3989 422 4064 displiceret.
442 3993 544 4052 Vanum
565 4009 649 4068 quum
671 4002 784 4070 uterque
806 3995 958 4054 intenderet
979 3995 1105 4069 decipere
1126 3996 1258 4072 reliquum
1268 4035 1427 4068 .......
1446 3996 1615 4056 blercuuldus
1628 4013 1677 4070 per

262 4085 372 4145 nuntios
385 4094 414 4145 et
427 4087 530 4148 litterae
544 4106 608 4148 suas
621 4091 769 4165 publicarit
785 4091 885 4166 ubique
905 4109 954 4166 per
972 4108 1084 4166 mum
1098 4093 1170 4166 quod
1183 4093 1358 4152 cancellarius
1371 4093 1577 4151 machinabatur
1590 4099 1621 4149 ut
1631 4108 1677 4150 co·

260 4183 353 4241 mitem
365 4185 499 4244 Gentilem
514 4187 624 4247 fratrem
636 4205 716 4247 suum
731 4189 766 4246 ud
777 4187 957 4262 regnicolium
969 4195 1149 4262 pmmoreret.
1161 4189 1341 4249 Cancellarius
1354 4196 1472 4249 numme
1486 4195 1588 4260 contra,
1604 4186 1676 4262 quod

262 4279 434 4342 Murmuldm
446 4283 607 4346 mclicbutrrr
619 4303 751 4362 usurpare
764 4286 818 4345 sihi
830 4285 933 4360 regium
945 4287 1077 4346 diadema.
1090 4307 1104 4342 ι
1121 4287 1194 4347 oar.
1208 4289 1303 4346 lance.
1323 4291 1387 4362 111,
1400 4305 1461 4364 cap.
1471 4287 1586 4347 XXXII.
