4434 5942
263 551 363 613 lnnrcr.
379 549 424 634 d]
714 546 912 610 HISTORIA
936 545 1230 608 blrlottlttlclt
1641 552 1681 612 55

263 696 334 760 tem
354 705 506 760 necnon
522 693 618 780 grata
641 705 702 780 pre
717 685 828 758 oculis
843 683 1011 758 babentes
1027 684 1167 758 servitia
1188 705 1258 778 qno
1282 693 1339 776 tu,
1363 684 1477 776 Helia,
1505 685 1681 761 Panormi·

264 821 344 884 tane
373 810 517 884 ecclesie
548 810 729 903 canonice,
760 809 873 885 fidelis
899 823 1028 903 noster,
1056 808 1333 907 progenitoribus
1362 811 1487 884 nostris
1518 818 1552 884 et
1583 813 1684 885 nobis

262 957 399 1032 semper
417 935 584 1008 exibuisti
602 935 692 1008 etin
710 943 811 1008 antea
829 937 957 1030 poteris
974 936 1127 1022 exibere,
1144 935 1190 1009 de
1207 936 1325 1008 innata
1338 935 1551 1008 liberalitatis
1569 945 1683 1010 nostre

262 1059 498 1134 munificentia
524 1059 588 1132 tibi
610 1060 749 1154 tuisque
773 1061 979 1156 propinquis
1004 1060 1262 1134 successoribus
1275 1069 1441 1154 perpetuo
1459 1061 1683 1135 concedimus

262 1193 297 1260 et
313 1185 485 1261 donamus
511 1185 548 1257 in
572 1185 711 1258 civitate
734 1193 849 1259 nostra
871 1185 1031 1259 Panormi
1056 1185 1275 1259 medietatem
1299 1185 1480 1258 vineamm
1507 1207 1577 1279 qne
1600 1195 1683 1258 sunt

258 1312 362 1404 juxta
379 1309 586 1384 viridarium
605 1309 702 1405 quod
722 1309 850 1382 dicitur
873 1309 1005 1402 Nadab,
1025 1333 1113 1406 quas
1135 1310 1303 1406 plantavit
1327 1309 1503 1405 quondam
1530 1311 1684 1384 notarius

262 1433 440 1507 Buccahar
456 1435 649 1507 Saracenos
667 1442 702 1506 et
719 1433 825 1506 modo
842 1433 997 1527 possidet
1014 1433 1105 1506 tilius
1122 1434 1198 1526 ejus
1219 1434 1383 1522 Brabcm,
1405 1434 1495 1506 sicut
1511 1435 1684 1509 medieta-

261 1568 331 1632 tem
349 1560 531 1633 vinearum
550 1559 706 1658 ipsarum
734 1559 830 1632 curia
856 1569 972 1632 nostra
991 1559 1102 1632 tenuit
1118 1568 1153 1632 et
1171 1557 1336 1655 possedit.
1360 1557 1416 1630 Ad
1437 1558 1543 1651 hujus
1564 1569 1679 1634 autem
1820 1617 1824 1624 .

262 1683 494 1758 concessionis
512 1693 627 1757 nostre
644 1684 846 1758 memoriam
873 1694 908 1757 et
934 1683 1134 1757 inviolabile
1152 1682 1426 1774 firmamentum,
1448 1704 1588 1778 presens
1606 1686 1682 1780 pri·

260 1808 429 1902 vilegium
447 1831 509 1904 per
527 1831 653 1882 manus
671 1809 807 1883 Mathai
818 1809 864 1884 de
884 1811 1053 1883 Panomro
1071 1809 1194 1882 notarii
1217 1817 1252 1881 et
1268 1807 1382 1881 lidelis
1401 1809 1508 1882 nostri
1526 1811 1629 1882 scribi
1647 1821 1681 1884 et

260 1933 450 2026 majestatis
471 1943 587 2008 nostro
604 1935 718 2030 sigillo
730 1935 898 2029 jussimus
915 1935 1137 2027 communiri,
1158 1955 1262 2026 anno,
1280 1954 1415 2022 meuse,
1436 1934 1494 2008 die
1509 1943 1544 2006 et
1562 1934 1681 2008 indic-

260 2058 355 2132 tione
367 2058 583 2156 subscriptis.

309 2183 436 2256 Datum
461 2185 497 2257 in
518 2187 606 2259 urbe
628 2186 719 2260 felici
737 2184 898 2259 Panormi
921 2205 983 2280 per
1002 2205 1126 2258 munus
1145 2183 1332 2258 Gnaltherii
1350 2183 1447 2278 regni
1466 2183 1581 2257 Sicilie
1597 2206 1679 2258 can·

260 2307 407 2402 cellarii,
434 2331 526 2384 anno
553 2311 728 2385 dominice
755 2307 1001 2382 incarnationis
1025 2307 1135 2400 MCd',
1158 2329 1276 2381 mense
1302 2307 1520 2404 septembris,
1548 2309 1605 2383 lll'
1626 2310 1680 2382 in-

261 2431 441 2529 dictionis,
459 2435 558 2530 regni
578 2456 663 2510 vero
685 2433 817 2509 domini
833 2433 940 2508 nostri
958 2433 1122 2508 Fridcrici
1137 2434 1199 2506 Dei
1217 2433 1328 2530 gratia
1346 2433 1566 2507 illustrissimi
1586 2434 1679 2528 rogis

260 2558 394 2652 Sicilie,
411 2558 559 2633 ducatus
577 2562 705 2658 Apulie
722 2569 757 2635 ot
774 2560 989 2657 principatus
1004 2559 1121 2655 Capua
1138 2578 1230 2632 anno
1244 2559 1361 2648 tertio,
1379 2558 1533 2631 feliciter.
1551 2557 1674 2633 Amen.

312 3155 525 3241 Fridericus
542 3181 610 3238 rex
629 3153 777 3238 Siciliae
793 3151 939 3236 civibus
956 3149 1152 3236 Panormit
1136 3147 1255 3252 tanis,
1276 3147 1327 3230 ob
1345 3173 1477 3232 eorum
1500 3149 1616 3235 fidem
1641 3165 1678 3238 et
1709 3183 1749 3280 nP
1746 3182 1869 3282 gnare

260 3292 412 3376 servitia
430 3289 503 3374 sibi
520 3289 678 3392 collata,
695 3286 916 3370 facultatem
931 3285 1104 3370 concedit
1120 3284 1169 3367 de
1186 3293 1299 3392 portu
1311 3293 1350 3366 et
1362 3283 1481 3392 portis
1497 3285 1677 3370 Panormi
1725 3237 1850 3347 '‘ml’-

258 3449 320 3508 res
337 3425 511 3535 proprias
538 3423 656 3507 libere
678 3420 906 3504 immittendi
933 3429 971 3502 et
996 3417 1217 3502 exbahendi
1228 3417 1424 3525 ,exceptis
1448 3417 1676 3506 victualibus

258 3567 296 3642 et
313 3557 568 3642 mercimoniis
586 3557 634 3639 de
651 3554 823 3665 partibus
850 3563 956 3637 extra
983 3577 1145 3663 regnum
1168 3549 1217 3633 ab
1235 3549 1328 3658 ipsis
1345 3549 1578 3636 Panormum
1597 3556 1674 3639 de·
1743 3593 1750 3604 ·

257 3692 361 3800 latis,
381 3693 430 3775 de
448 3691 589 3802 quibus
606 3690 799 3802 portiones
813 3688 1002 3799 quasdam
1021 3686 1163 3770 ibidem
1180 3709 1377 3794 expressas
1395 3685 1586 3772 exsolvere
1604 3691 1676 3773 de-

258 3823 426 3934 bebunt3
451 3825 602 3936 aliaque
618 3825 775 3934 insuper
793 3823 899 3906 addit
915 3820 1113 3932 privilegia
1132 3845 1198 3902 seu
1221 3818 1493 3902 immunitates.

337 4041 426 4121 (Edit.
440 4057 490 4120 ap.
513 4041 558 4104 Μ.
580 4029 620 4102 nn
638 4041 713 4115 vro,
727 4035 862 4118 Prioilcq.
880 4036 1034 4112 Panormi,
1050 4053 1082 4114 p.
1104 4044 1152 4109 tt,
1173 4039 1204 4096 et
1216 4033 1340 4108 Amro,
1355 4034 1398 4094 De
1414 4035 1548 4116 princlpr
1570 4039 1674 4120 templo

380 4148 561 4228 Panemo,
573 4165 606 4226 p.
623 4155 692 4208 116.
705 4179 746 4192 -
762 4144 848 4221 Quod
861 4144 981 4222 quidem
999 4143 1188 4220 prlvllegium
1201 4142 1233 4202 ln
1246 4139 1349 4201 tabula
1361 4156 1526 4202 marmorea
1537 4145 1672 4206 sinistrae

376 4257 482 4336 parieti
494 4253 634 4316 vestibuli
652 4252 830 4314 cathedralis
849 4251 989 4312 ccclesiae
1001 4250 1228 4310 Pmormitanac
1245 4246 1339 4308 affixa
1356 4249 1483 4309 incisum
1503 4250 1670 4328 exhibetur,

375 4367 535 4424 coaetmeo
547 4361 715 4423 characters
728 4359 873 4436 lineisque
883 4358 989 4418 coloris
1001 4358 1080 4434 nigri
1094 4361 1124 4416 et
1136 4353 1218 4416 rubrl
1232 4352 1466 4432 altemanttbus.l

305 4547 502 4623 Fridericns
513 4542 1174 4633 divinafaventeclsmentiarexSicilic,
1192 4543 1340 4616 ducatus
1353 4539 1491 4636 Apulie,
1504 4543 1674 4643 principa·

259 4671 568 4770 tusCapneliegie
580 4668 918 4763 serenitatisrespicit
929 4666 1087 4762 gloriam,
1098 4666 1238 4761 ampliat
1249 4663 1402 4757 laudem,
1416 4668 1675 4746 sustollitaltius
