4378 5954
264 563 363 624 butor.
380 561 423 639 b]
711 559 909 622 HISTORIA
936 559 1229 622 ntrtottltrtctt.
1636 561 1675 624 91

264 698 320 773 Ad
333 707 427 769 tuam
445 695 608 768 volumus
625 695 836 770 audientiam
855 698 1036 794 pervenire
1053 719 1115 770 nos
1132 697 1298 772 carissimi
1312 697 1348 768 in
1367 695 1499 770 Christo
1518 695 1578 769 filii
1596 719 1677 772 nos·

264 823 307 893 tri
328 820 469 893 illustris
490 819 582 913 ragis
602 819 802 914 Aragonum
824 831 861 894 et
877 822 996 916 regine
1017 823 1137 895 matris
1162 822 1272 918 ipsius
1299 822 1427 894 litteras
1455 831 1491 894 ct
1516 823 1677 896 nantium

263 945 435 1042 recepisse
451 943 594 1018 firmiter
610 947 881 1041 promittentium
899 947 995 1040 qnod
1018 947 1127 1042 parati
1150 957 1232 1019 sunt
1255 947 1406 1020 nobilem
1424 946 1603 1020 mulierem
1620 968 1677 1019 sc·

264 1092 375 1143 rorem
392 1070 486 1164 regis
503 1069 613 1166 ipsius
630 1070 805 1143 carissimo
828 1071 864 1144 in
882 1070 1015 1144 Christo
1038 1070 1110 1143 filio
1136 1082 1252 1144 nostro
1276 1071 1448 1144 friderico
1463 1073 1586 1144 illustri
1600 1072 1676 1166 regi

263 1193 379 1268 Sicilie
394 1195 568 1289 copulare.
579 1195 784 1267 Promittant
799 1203 915 1268 autem
931 1195 1040 1290 quod,
1053 1195 1082 1268 si
1096 1216 1185 1292 opus
1200 1195 1314 1287 faerit,
1330 1195 1376 1270 ad
1393 1195 1608 1271 liberandum
1620 1218 1675 1270 re·

264 1343 343 1414 gem
355 1320 523 1394 ducentos
539 1318 664 1390 militas
677 1319 712 1390 in
726 1321 890 1414 expensis
904 1321 977 1392 suis
991 1321 1026 1391 in
1040 1322 1133 1415 regis
1143 1319 1300 1414 ejusdem
1314 1321 1510 1396 subsidium
1524 1321 1676 1396 destina·

263 1444 353 1516 bunt
369 1444 426 1518 vel
442 1451 545 1539 prout
556 1443 770 1516 venerabiles
785 1446 905 1518 fratres
918 1444 1027 1518 nostri
1038 1445 1286 1540 archiepiscopi
1300 1453 1335 1518 et
1348 1445 1499 1541 episcopi
1513 1453 1548 1518 et
1559 1445 1676 1518 dilecti

264 1565 327 1639 lilii
343 1567 476 1640 nobiles
493 1567 559 1639 viri
573 1567 728 1658 comites,
739 1567 831 1664 regis
849 1569 1046 1659 familiares,
1059 1577 1097 1641 ut
1110 1567 1322 1661 audivimus,
1334 1571 1550 1664 postularunt
1562 1578 1597 1642 ct
1612 1591 1676 1644 nos

263 1711 365 1786 posse
376 1691 550 1765 credimus
563 1690 724 1785 obtineri,
740 1692 815 1789 ipsa
828 1693 947 1786 regina
961 1693 996 1765 in
1009 1715 1154 1789 persona
1170 1694 1308 1790 propria
1322 1693 1403 1766 illuc
1417 1716 1496 1766 cum
1511 1693 1677 1788 quadrin-

263 1815 376 1910 gentis
389 1817 446 1888 vel
458 1816 658 1911 quingentis
668 1817 836 1890 militibus
846 1820 948 1912 juxta
961 1817 1161 1891 mandatum
1176 1827 1331 1890 nostrum
1344 1817 1389 1892 ad
1401 1819 1493 1913 regis
1504 1817 1677 1894 defensio·

263 1961 344 2012 nem
362 1939 518 2013 accedet.
534 1942 663 2014 Verum
684 1963 729 2015 ne
747 1942 904 2014 amittant
921 1963 1061 2039 operam
1080 1952 1114 2015 ct
1130 1943 1322 2040 impensam
1341 1942 1371 2016 si
1394 1965 1499 2016 causa
1522 1942 1679 2036 qualibet

251 2052 519 2137 'matrimonium
536 2085 605 2138 non
623 2066 726 2138 fuerit
743 2077 1036 2158 consummatum,
1056 2089 1136 2139 cum
1155 2088 1219 2140 neo
1236 2066 1389 2140 contrabi
1406 2066 1579 2163 sponsalia
1604 2067 1677 2141 sola

262 2189 413 2284 possint,
431 2189 497 2262 sibi
515 2197 637 2285 petunt
654 2211 716 2286 pro
733 2189 836 2263 tantis
851 2192 1015 2288 expensis
1033 2189 1149 2264 debita
1174 2191 1355 2264 securitate
1376 2191 1503 2264 caveri.
1518 2191 1678 2265 Postula-

263 2311 349 2384 bant
365 2335 506 2408 quoquc
527 2313 747 2388 donationem
768 2323 906 2412 propter
923 2317 1061 2412 nuptias
1083 2314 1156 2389 lieri
1175 2315 1280 2390 nobili
1296 2325 1482 2390 memorate
1501 2337 1555 2408 ac,
1574 2316 1603 2388 si
1620 2337 1676 2390 re-

263 2435 345 2530 gina
363 2437 486 2512 cadem
512 2447 675 2533 tanquam
694 2447 803 2512 mater
819 2438 865 2511 ad
883 2461 999 2534 regam
1022 2441 1204 2513 accesserit
1222 2440 1462 2533 nutriendum,
1481 2449 1592 2513 certos
1608 2439 1676 2513 sibi

264 2559 423 2634 redditus
438 2561 627 2656 assignari,
642 2583 690 2635 ex
705 2563 834 2657 quibus
850 2564 915 2636 sibi
932 2573 968 2636 et
983 2563 1054 2637 filie
1071 2587 1112 2637 ac
1129 2565 1202 2659 regi
1221 2567 1328 2660 possit
1347 2563 1533 2638 honorilice
1557 2565 1676 2661 provi·

265 2681 358 2757 dere.
376 2684 470 2758 Licet
484 2695 599 2758 autem
618 2695 830 2759 contractum
850 2687 1049 2781 hujusmodi
1068 2709 1175 2782 regno
1195 2689 1312 2760 utilem
1330 2697 1364 2761 ct
1381 2688 1454 2782 regi
1474 2709 1543 2760 non
1564 2689 1675 2760 solum

263 2829 376 2900 nnnc,
395 2809 457 2882 sed
482 2810 615 2884 etiamsi
631 2811 776 2884 inomni
794 2833 880 2907 pace
897 2821 1075 2908 regnaret,
1093 2813 1328 2886 honorabilem
1351 2821 1567 2908 reputemus,
1593 2811 1676 2905 quia

263 2941 379 3006 tamen
398 2955 503 3030 super
516 2935 582 3010 hoc
596 2957 657 3031 per
669 2957 733 3010 nos
754 2945 788 3009 et
810 2936 921 3010 dictos
939 2937 1123 3010 familiares
1130 2935 1341 3031 jamdudum
1358 2935 1497 3009 habitus
1514 2943 1566 3008 est
1584 2944 1677 3008 trac-

264 3064 371 3148 tatus,
386 3057 433 3131 ad
453 3061 784 3133 consummationem
802 3062 930 3156 negotii
945 3063 1120 3135 noluimus
1135 3063 1210 3135 sine
1228 3061 1437 3136 conscientia
1461 3081 1579 3134 eoram
1597 3062 1678 3157 'pro-

264 3179 400 3274 cedere,
417 3182 480 3256 sed
496 3182 617 3257 honori
634 3205 700 3258 sno
718 3184 886 3260 duximus
902 3186 1141 3262 deferendum.
1155 3186 1255 3261 Unde
1270 3185 1401 3260 eisdem
1415 3207 1478 3282 per
1492 3185 1679 3282 apostolica

264 3305 391 3402 scripta
408 3305 651 3381 mandavimus
666 3318 707 3382 ut
721 3331 827 3408 super
839 3310 906 3385 boc
920 3321 989 3386 tam
1003 3313 1092 3386 intra
1105 3335 1143 3387 sa
1156 3335 1261 3409 qnam
1279 3321 1392 3386 tecum
1409 3318 1535 3383 etcum
1553 3309 1679 3384 dilecto

264 3427 336 3501 filio
365 3431 504 3505 Rofrido
529 3433 619 3505 titali
646 3436 847 3508 Sanctorum
869 3438 1056 3511 Marcellini
1082 3447 1116 3511 ct
1139 3438 1228 3511 Petri
1257 3437 1459 3534 presbytero
1483 3434 1676 3528 cardinale,

264 3553 457 3627 Cassinensi
471 3557 607 3646 abbate,
619 3557 814 3655 Apostolice
825 3561 925 3634 Sedis
937 3563 1061 3657 legato,
1074 3563 1254 3636 consilinm
1269 3561 1523 3634 communicent
1536 3569 1571 3633 et
1583 3559 1680 3656 qnod

264 3677 311 3750 ad
324 3683 653 3757 consummationem
674 3686 779 3780 hujus
798 3687 926 3781 negotii
948 3687 1128 3760 statuerint
1148 3687 1248 3759 nobis
1267 3684 1462 3778 significare
1477 3692 1677 3781 procurent,

264 3800 408 3876 idoneos
423 3807 569 3880 nuncios
583 3831 688 3906 super
703 3809 865 3906 predictis
878 3811 1041 3884 omnibus
1059 3811 1266 3884 sufficienter
1283 3811 1465 3882 instructos
1487 3811 1533 3882 ad
1554 3809 1679 3882 Sedent

264 3925 495 4020 Apostolicam
514 3931 741 4026 destinantes3
757 3944 796 4008 ut
813 3957 892 4007 oum
913 3936 1036 4008 nuntio
1064 3945 1178 4008 nostro
1202 3955 1307 4030 quem
1335 3943 1473 4030 proptor
1490 3933 1557 4006 boc
1574 3932 1680 4006 desti·

264 4071 347 4124 nare
370 4056 611 4150 proponimus,
633 4059 679 4131 ad
697 4079 814 4152 regem
834 4069 868 4131 et
884 4060 1039 4154 reginam
1057 4060 1254 4154 Aragonom
1272 4059 1439 4132 accedent
1454 4067 1489 4130 et
1505 4056 1678 4152 sponsalia

264 4176 462 4251 contrahere
483 4201 553 4252 non
578 4191 799 4278 postponant,
828 4193 1009 4278 ceteraque
1033 4183 1213 4281 perficiant
1238 4207 1308 4279 que
1330 4203 1435 4278 super
1460 4180 1526 4253 hoc
1550 4179 1679 4251 fuerim

263 4303 549 4377 consummanda.
568 4304 720 4401 Ideoque
742 4306 939 4380 discretioni
959 4319 1018 4382 toa
1042 4333 1104 4405 per
1120 4309 1306 4406 apostolica
1327 4309 1452 4404 scripta
1471 4304 1677 4379 mandamus

263 4433 433 4516 quatenus
454 4429 680 4504 familiaribus
698 4431 783 4527 ipsis
799 4434 940 4507 studeas
959 4435 1107 4509 suadere
1123 4436 1172 4508 uti
1186 4433 1232 4508 ad
1245 4435 1350 4528 hujus
1369 4431 1497 4528 negotii
1518 4450 1678 4503 consum-

266 4549 450 4624 mationem
464 4552 663 4650 intendant,
685 4569 719 4631 et
734 4568 771 4632 tu
786 4561 860 4656 ipse
877 4560 923 4634 ad
940 4561 977 4634 id
994 4561 1057 4636 des
1077 4583 1217 4658 operam
1235 4560 1422 4633 efficacem.
