4334 5980
233 573 332 634 lsnrcr.
352 571 414 646 ts]
689 569 887 630 fltsroala
912 567 1203 628 lllPLOllll'l'lCll.
1597 569 1654 632 197

234 705 422 793 invocatis,
443 704 507 779 sed
528 702 770 778 deficientibus
788 704 921 778 viribus
937 701 989 801 (a)
1013 703 1049 776 in
1066 703 1210 791 eodem,
1229 724 1275 774 ne
1297 702 1477 776 delensore
1498 715 1654 777 carerent

235 832 380 906 ulterius
402 839 437 904 et
457 831 558 904 solita
576 830 699 903 mnndi
721 830 866 904 dissidia
885 830 1150 904 subversionom
1175 830 1326 902 lacerent
1344 827 1534 918 recidivas,
1552 831 1654 921 justis

235 977 283 1031 ex
298 956 413 1030 causis
429 956 539 1028 taliter
555 955 687 1030 dictum
703 956 888 1052 imperinm
904 966 1120 1045 revocantes,
1137 954 1306 1048 originem
1322 962 1358 1026 et
1375 953 1527 1028 radicem
1544 955 1654 1050 ipsius

236 1078 283 1155 ad
303 1081 444 1175 majoris
471 1079 682 1156 fortitudinis
706 1081 972 1154 fundamentum
999 1079 1036 1150 in
1065 1087 1237 1174 potentem
1261 1076 1477 1151 Germaniam
1504 1087 1653 1152 transtu·

237 1205 364 1296 lerunt,
376 1213 416 1276 nt
429 1226 491 1300 per
504 1207 581 1298 ejus
595 1205 752 1279 excelsos
768 1215 803 1278 et
818 1203 1021 1300 magnificos
1036 1203 1223 1300 principes,
1234 1203 1435 1275 innumeros
1450 1213 1485 1276 et
1497 1211 1654 1278 strenuos

238 1329 362 1402 milites
380 1339 415 1402 et
437 1327 591 1402 infinitos
611 1330 721 1426 ipsius
746 1329 947 1402 fortissimos
968 1329 1151 1401 bellatores
1172 1327 1207 1398 in
1226 1325 1354 1400 summi
1372 1335 1480 1398 status
1503 1327 1654 1400 culmine

239 1460 405 1549 perpetuo
421 1454 545 1526 robore
568 1453 758 1526 fulciretur.
781 1452 877 1526 Sicut
899 1453 1000 1526 navis
1022 1459 1260 1524 verumtamen
1280 1450 1316 1522 in
1339 1449 1522 1523 altitudine
1539 1451 1653 1547 pelagi

238 1575 401 1669 magistro
419 1577 551 1668 remige
568 1576 742 1662 destituta,
761 1577 919 1673 procellis
936 1575 983 1673 (b)
999 1575 1294 1648 circumflantibus
1311 1573 1505 1670 graviorem
1528 1576 1654 1670 patitur

238 1711 490 1798 tempestatem,
501 1703 553 1775 sic
565 1704 756 1776 Romanum
772 1703 954 1798 imperium
969 1699 1073 1796 longe
1084 1702 1220 1796 lateque
1235 1699 1414 1788 diffusum,
1424 1711 1652 1797 apocopatnm

237 1824 380 1920 sinoopa
399 1825 522 1920 capitis
539 1835 573 1899 et
587 1827 729 1899 rectoris
742 1827 882 1920 justicia
901 1825 1054 1921 perdita,
1074 1847 1159 1922 pace
1176 1833 1371 1920 perempta,
1394 1824 1579 1897 concordia
1599 1826 1653 1897 ln-

237 1948 371 2043 giente,
387 1949 569 2044 multiplici
596 1949 793 2023 turbatione
816 1950 944 2022 fatiscit
965 1959 1000 2022 et
1023 1949 1172 2022 diversis
1199 1949 1454 2022 turbationibus
1480 1970 1650 2044 conquas·

237 2083 344 2145 sator.
369 2073 494 2146 Ferret
517 2073 697 2168 iniquitas,
723 2074 851 2146 karitas
872 2073 1080 2167 refrigescit,
1108 2074 1266 2168 pululant
1289 2073 1448 2164 hereses,
1469 2073 1653 2168 insurgunt

237 2217 382 2286 errores,
403 2196 492 2270 fides
510 2196 655 2294 pertidia
669 2198 848 2292 premitur,
867 2198 1038 2292 generalis
1055 2198 1207 2270 Ecclesia
1224 2197 1413 2270 lacessitur.
1432 2197 1572 2294 Propter
1588 2198 1653 2270 boc

237 2319 331 2394 enim
352 2320 528 2396 modernis
548 2322 781 2419 temporibus,
805 2332 843 2395 ut
863 2344 948 2419 apes
971 2345 1042 2418 que
1065 2322 1181 2396 dulcia
1205 2323 1307 2395 mella
1331 2331 1457 2415 gerunt
1477 2322 1553 2395 sine
1572 2344 1653 2420 rege

237 2448 360 2519 vivere
381 2447 573 2520 nescientes
592 2469 635 2520 eo
654 2447 789 2542 perdito
807 2446 1055 2542 disperguntur
1077 2459 1111 2518 et
1133 2457 1277 2542 pereunt
1297 2447 1515 2535 oberrantes,
1537 2449 1654 2543 plures

238 2571 334 2662 regie
352 2571 527 2665 regiones,
554 2571 778 2667 quamplures
799 2571 924 2644 uberes
942 2572 1065 2656 urbes,
1085 2573 1174 2666 pluri
1191 2569 1266 2666 (sic)
1286 2593 1460 2666 proceres,
1481 2571 1652 2644 innumeri

238 2697 422 2790 populares
446 2697 583 2768 sublato
603 2697 692 2790 jugo
716 2694 861 2768 dominii
884 2697 960 2769 sine
985 2697 1082 2768 freno
1107 2717 1170 2791 per
1194 2715 1335 2791 campos
1367 2695 1485 2766 illicite
1512 2697 1653 2770 licenter

239 2817 487 2912 discurrentes,
508 2821 639 2892 motois
660 2820 750 2894 inter
770 2841 808 2893 se
825 2821 1017 2906 scandalis,
1041 2820 1207 2894 molestiis
1222 2821 1391 2910 relativis,
1408 2821 1515 2892 vastis
1533 2821 1652 2895 incen-

238 2941 323 3028 diis,
351 2943 522 3016 omicidiis
545 2941 706 3034 infinitis,
735 2943 869 3017 acerbis
889 2943 1123 3032 conflictibus,
1145 2945 1270 3017 amaris
1289 2945 1485 3018 carceribus
1505 2957 1541 3018 et
1560 2947 1653 3020 mille

238 3066 352 3140 modis
369 3068 447 3140 aliis
463 3067 508 3140 ad
527 3068 677 3142 invicem
696 3080 958 3142 consumuntur.
980 3071 1206 3164 Surgentibus
1225 3069 1377 3165 denique
1393 3070 1652 3146 tribulationum

237 3189 377 3284 llagitiis
390 3191 521 3285 jugiter
536 3193 625 3266 inter
640 3191 816 3289 gentes(c)
826 3195 887 3288 qni
898 3194 1036 3286 juribus
1051 3195 1234 3288 injurietur
1252 3195 1401 3287 injuriis,
1414 3197 1653 3291 oppressiones

237 3314 425 3409 opprimat,
447 3314 636 3389 seditiones
658 3316 773 3407 sedet,
796 3317 1064 3392 adversitatibus
1080 3319 1296 3408 adversetur,
1322 3319 1368 3393 ob
1391 3321 1564 3415 prolixum
1587 3321 1650 3396 de-

237 3436 365 3509 lectum
392 3437 538 3512 dominii
566 3462 627 3514 seo
646 3441 801 3514 vacantis
827 3442 963 3538 imperii
987 3442 1162 3516 diutinum
1185 3443 1432 3538 interregnum,
1453 3467 1524 3540 qno
1544 3449 1651 3521 veluti

236 3580 299 3655 per
321 3563 405 3635 solis
426 3563 581 3660 eclipsim
608 3565 762 3639 mundus
787 3567 992 3640 tenebrescit
1015 3567 1146 3662 ubique
1170 3568 1393 3660 tenebrosus,
1416 3569 1580 3666 affligitur
1600 3575 1652 3646 al·

236 3682 365 3777 llictns,
386 3687 587 3762 distrahitur
605 3688 806 3782 distractos,
827 3690 1016 3764 destruitur
1033 3693 1256 3778 incessanter,
1279 3692 1337 3765 illa
1355 3693 1440 3765 lelix
1459 3696 1653 3792 respublica

237 3830 332 3882 nnnc
351 3811 556 3906 latrociniis,
578 3835 673 3886 nunc
691 3814 840 3910 rapinis,
861 3813 967 3907 dolis,
989 3816 1166 3910 perjuriis,
1189 3801 1305 3911 predis
1323 3829 1357 3889 et
1380 3817 1553 3894 violentiis
1578 3822 1655 3896 vio·

237 3933 324 4024 lata,
354 3935 400 4009 ad
424 3939 542 4026 talem,
570 3936 657 4032 proh
684 3935 800 4012 dolorl
829 3940 1075 4014 exinanitionis
1100 3940 1274 4014 miseriam
1295 3941 1367 4034 jam
1393 3942 1537 4019 devenit
1558 3948 1654 4041 quod

237 4056 464 4134 inundatione
488 4061 727 4135 discriminum
756 4083 803 4135 ex
835 4072 906 4137 toto
928 4066 1097 4158 naufraga
1120 4065 1318 4139 suffocatur.
1340 4067 1524 4142 Tantorum
1548 4071 1654 4165 igitur

237 4181 329 4255 mole
349 4185 516 4258 malornm
537 4195 626 4260 terra
647 4195 790 4281 gravata
814 4188 917 4261 nimis
940 4191 1110 4263 sustinere
1128 4189 1173 4262 de
1198 4202 1311 4264 celero
1331 4205 1548 4288 nequeunte,
1572 4196 1652 4266 uni-

235 4325 338 4380 versa
361 4307 532 4384 diomrom
558 4311 739 4384 nationum
771 4313 872 4386 turba
901 4313 1063 4387 clamavit
1084 4315 1251 4388 instanter
1273 4316 1376 4388 altius
1401 4318 1447 4391 ad
1469 4319 1653 4392 Dominum

280 4480 321 4562 (a)
342 4484 379 4546 In
393 4487 494 4550 codiee
511 4505 629 4567 qaoque
644 4486 780 4552 viriliter.

279 4584 319 4667 (d)
338 4589 374 4651 In
387 4591 487 4655 oodlce
494 4590 647 4672 procellas.

279 4695 317 4774 (c)
338 4695 428 4761 Deest
439 4700 567 4779 allquld3
583 4701 707 4764 tortasse
717 4709 883 4784 querentes,
897 4703 944 4764 vel
957 4703 1136 4782 hujusmodl.
