4434 5942
532 518 574 580 46
1034 514 1249 577 intuuntur
1274 514 1449 578 sactum
1757 514 1840 596 [Aac.
1860 515 1947 582 lanu

534 653 659 726 lestare
691 650 960 747 attemptaverit,
993 649 1266 746 indignationem
1294 661 1446 726 nostram
1476 671 1516 724 se
1547 651 1686 724 noverit
1714 651 1947 729 incursurum.

583 778 709 849 Datum
723 775 900 868 Panormi,
921 796 1012 849 anno
1037 775 1280 852 incarnationis
1299 776 1472 852 dominice
1489 773 1594 868 MCC,
1615 797 1735 851 manse
1745 779 1863 873 junio,
1869 833 1944 854 .....

535 921 627 973 anno
648 900 747 994 regni
765 901 823 972 ΙΙΙ.

367 1481 394 1526 „
404 1479 466 1538 m,
584 1423 790 1508 Anselmus
821 1423 1093 1534 Neapolitanus
1115 1424 1419 1536 archiepiscopus
1449 1425 1668 1512 Innocentio
1688 1455 1810 1539 papae
1836 1455 1947 1516 nuu-

530 1559 600 1644 tiat
615 1559 813 1643 victoriam
832 1584 855 1640 a
872 1557 1098 1642 marescallo
1113 1567 1151 1641 et
1166 1559 1294 1670 papali
1312 1559 1494 1672 regioque
1506 1561 1672 1645 exercitu
1689 1562 1788 1648 inter
1804 1565 1949 1650 Panor-

530 1717 639 1776 mum
657 1701 695 1775 et
711 1691 877 1776 Mentem
899 1689 1080 1802 Regulam
1106 1702 1337 1802 reportatam
1355 1693 1404 1776 de
1424 1693 1643 1779 Maroualdo
1670 1706 1708 1780 et
1733 1696 1948 1783 fautoribus

531 1825 614 1936 ejus
633 1825 896 1933 Thcutonicis,
917 1817 1063 1909 Pisanis
1077 1835 1114 1908 el
1132 1825 1368 1933 Sarracenis,
1384 1852 1549 1936 quorum
1566 1829 1682 1913 ducas
1700 1838 1738 1914 et
1754 1832 1948 1942 praecipui

531 1959 609 2042 sive
626 1957 749 2069 fugati
768 1965 857 2040 sunt
875 1958 952 2042 sive
969 1959 1082 2042 occisi
1100 1958 1139 2040 in
1158 1958 1301 2068 praelio
1318 1969 1595 2044 remanserunt.

615 2145 702 2225 (anta
719 2147 834 2226 integro
846 2147 878 2206 ln
892 2144 970 2208 Gal.
985 2147 1085 2210 luceo.
1100 2147 1162 2222 111,
1175 2163 1241 2226 cap.
1257 2146 1366 2210 XXVI.
1380 2149 1472 2227 Cujus
1484 2149 1625 2228 eplstolac
1634 2151 1796 2214 mundam
1813 2158 1947 2216 tantum-

652 2253 742 2314 modo
756 2259 870 2330 portem
884 2255 1018 2334 vulgavit
1030 2255 1205 2334 armano,
1219 2251 1329 2316 Aouot
1340 2251 1449 2332 accim,
1463 2261 1538 2318 tom.
1553 2257 1579 2330 Ι,
1595 2273 1627 2335 p.
1643 2264 1701 2332 tc,
1714 2257 1754 2320 ad
1766 2273 1839 2322 ann.
1857 2268 1947 2334 1²0⁰,

652 2356 742 2440 su)

582 2518 796 2612 Innocentio,
813 2529 895 2614 etc,
915 2519 1099 2595 Anselmus
1116 2521 1364 2618 Neapolitanus
1380 2521 1674 2618 archiepiscopus,
1688 2531 1755 2598 ete.
1766 2525 1861 2598 Bona
1878 2548 1948 2622 que

531 2654 722 2720 vestrarum
748 2645 942 2718 orationum
964 2645 1275 2719 intervenientibus
1297 2645 1428 2718 maritis
1443 2654 1605 2741 operatus
1618 2655 1670 2719 ast
1684 2648 1870 2740 Dominus,
1891 2649 1948 2724 his

532 2770 657 2846 diebos
686 2769 782 2844 volui
811 2769 952 2844 domino
976 2792 1054 2844 meo
1078 2769 1168 2844 siunt
1191 2770 1266 2844 vidi
1285 2769 1434 2866 propriis
1457 2770 1569 2844 oculis
1590 2770 1778 2846 declarare.
1805 2773 1947 2848 Noverit

532 2897 650 2991 itaque
667 2894 830 2967 sanctitas
843 2901 958 2967 vestra
974 2915 1031 2967 me
1046 2915 1127 2968 cum
1144 2893 1256 2966 tribus
1277 2893 1385 2988 galeis
1403 2902 1438 2967 at
1452 2915 1523 2968 uno
1541 2891 1661 2970 bussio
1675 2881 1867 2992 Apulorum
1884 2897 1946 2991 qui

532 3041 590 3094 me
607 3018 714 3094 vestri
735 3017 847 3113 gratia
871 3040 952 3092 cum
973 3017 1137 3113 magistro
1156 3018 1394 3092 Bartholomeo
1410 3019 1577 3114 scriptore
1592 3028 1709 3093 vestro
1726 3028 1761 3092 et
1777 3041 1855 3096 moa
1876 3029 1948 3096 tota

532 3144 662 3217 familia
679 3140 867 3217 honorifice
884 3141 1143 3238 perduxerunt,
1171 3143 1317 3218 feliciter
1332 3143 1545 3239 applicuisse
1572 3145 1780 3218 Panormum
1803 3143 1863 3218 die
1884 3147 1946 3220 vi-

530 3268 656 3343 delicet
681 3267 816 3342 decima
840 3267 986 3364 septima
1005 3266 1174 3362 presentie
1191 3266 1322 3340 mensis
1338 3266 1430 3360 julii.
1451 3267 1529 3354 Quo
1554 3267 1659 3342 etiam
1682 3267 1752 3362 die,
1771 3268 1862 3344 siem
1879 3271 1947 3344 Do·

528 3393 625 3467 mino
643 3391 787 3486 placuit,
809 3400 844 3464 et
872 3390 957 3464 horu
976 3389 1099 3464 eadem
1122 3389 1286 3463 domiuus
1304 3389 1487 3465 cardinalis
1508 3413 1590 3466 oum
1611 3391 1763 3466 dominis
1782 3393 1945 3468 omnibus

529 3519 639 3608 curie,
655 3525 802 3612 excepto
818 3515 1027 3608 Cataniensi,
1045 3525 1080 3588 et
1093 3515 1248 3589 exoratu
1261 3515 1359 3611 ragio
1377 3517 1507 3612 pariter
1518 3539 1709 3614 prevenere
1721 3519 1940 3593 Panormum.

527 3644 668 3717 Factum
689 3650 741 3716 ost
757 3651 874 3714 autem
896 3640 1065 3736 gaudium
1083 3641 1120 3712 in
1142 3640 1283 3716 civitate
1304 3663 1368 3738 pro
1387 3662 1430 3716 eo
1457 3641 1623 3740 precipue
1643 3641 1741 3738 quod
1764 3643 1945 3718 occasione

529 3764 719 3844 Marcualdi
732 3765 936 3860 nequissimi
949 3765 1012 3862 qui
1029 3787 1106 3840 eam
1123 3788 1204 3839 cum
1215 3767 1464 3840 Saracenorum
1478 3775 1581 3862 ganta
1592 3767 1724 3841 nolana
1742 3788 1805 3864 per
1819 3768 1942 3864 viginti

529 3892 607 3967 dios
625 3891 807 3965 continuos
824 3899 982 3964 tenuerat
998 3892 1114 3966 stricte
1129 3891 1233 3966 nimis
1253 3900 1289 3966 et
1306 3891 1483 3966 detinebat
1505 3891 1695 3985 obsessam,
1715 3913 1852 3966 summa
1870 3893 1945 3986 iam

529 4017 715 4092 videbatur
729 4014 845 4110 iuopia
858 4014 1028 4090 laborare.
1043 4017 1107 4088 Dia
1119 4036 1202 4110 ergo
1214 4013 1338 4090 aodam
1350 4014 1524 4088 exercitus
1538 4016 1631 4108 ragis
1642 4023 1742 4092 extra
1753 4017 1941 4108 civitatem,

529 4144 566 4216 in
584 4141 751 4216 viridario
772 4141 901 4216 scilieet
920 4141 1012 4238 regis
1031 4139 1128 4236 quod
1142 4140 1268 4215 dicitur
1285 4140 1516 4235 Januardum,
1535 4149 1647 4216 castra
1671 4151 1754 4214 sunt
1773 4141 1882 4238 posita
1905 4147 1945 4213 ut

528 4270 643 4344 statim
666 4268 725 4342 die
744 4268 903 4364 sequenti
931 4267 1097 4365 campalis
1125 4266 1221 4340 lieret
1243 4288 1323 4340 oum
1347 4267 1488 4341 inimico
1510 4267 1722 4364 congressio.
1747 4266 1818 4342 Sed
1839 4267 1944 4341 hemo

528 4403 690 4468 versutus
713 4402 748 4467 at
765 4391 911 4468 callidus
935 4415 1019 4467 mox
1037 4401 1077 4464 ut
1094 4391 1303 4489 applicuisse
1321 4391 1490 4487 presensit
1506 4392 1720 4482 exercitum,
1736 4411 1798 4488 per
1811 4391 1944 4465 Ruina-

529 4519 621 4591 rium
640 4519 686 4592 da
707 4518 868 4592 Manente
893 4519 999 4592 verba
1017 4515 1160 4614 pacifica
1182 4515 1371 4590 transmisit
1387 4517 1425 4588 in
1443 4515 1580 4611 dolum,
1600 4525 1641 4590 ut
1658 4515 1763 4613 partis
1780 4525 1896 4590 nostra
1912 4515 1943 4588 si

530 4651 647 4742 posset
674 4639 863 4719 infirmiora
887 4651 1109 4738 cognosceret
1136 4651 1171 4717 et
1192 4661 1282 4740 quas
1306 4641 1353 4716 de
1377 4638 1463 4716 hora
1488 4639 1736 4740 prestolabatur
1761 4639 1799 4714 io
1822 4639 1944 4714 horam
