4434 5942
252 599 353 662 herm.
371 597 413 675 l.]
702 593 901 657 HISTORIA
927 592 1221 656 utrnottttttcn
1650 601 1669 660 ‘l

254 755 381 830 regno,
400 729 585 805 effeminati
603 728 673 802 otio
691 741 725 803 et
741 753 827 827 pace
847 731 953 804 nimia
979 729 1154 824 dissoluti,
1172 732 1217 805 de
1239 730 1312 803 suis
1331 729 1462 806 divitiis
1477 735 1668 829 ‚gloriantes

254 880 332 932 sese
348 861 383 930 in
399 855 636 952 voluptatibus
652 857 804 952 corporis
820 857 983 929 lascivius
999 865 1212 946 exercerent,
1231 857 1387 930 ascendit
1402 858 1439 930 in
1456 859 1564 932 altum
1582 861 1668 934 ictor

254 1005 373 1058 eornm
397 991 432 1054 et
452 979 568 1054 traditi
591 989 673 1052 snut
694 980 739 1052 ob
764 979 1020 1053 multitudinem
1042 989 1259 1075 peccatorum
1278 1002 1421 1054 sucrum
1446 983 1483 1054 in
1505 983 1668 1056 manibus

254 1103 548 1204 persequentium.
568 1103 685 1198 Usque
701 1103 791 1176 adeo
809 1112 925 1176 autem
948 1103 984 1174 in
1002 1123 1081 1194 eos,
1100 1102 1197 1197 qnod
1214 1102 1370 1176 dolentes
1387 1105 1551 1197 dicimus,
1575 1107 1669 1180 furor

254 1231 385 1304 exarsit
412 1223 546 1302 hostilis
566 1239 607 1300 ut
626 1219 779 1322 ,qnidam
809 1247 930 1301 eorum
953 1221 1047 1323 turpi
1071 1235 1181 1300 morte
1209 1227 1362 1302 damnati
1388 1228 1424 1302 in
1449 1229 1668 1306 tribulatione

252 1354 371 1430 cordis
392 1363 428 1426 et
452 1351 604 1449 corporis
626 1351 760 1427 animas
784 1352 1005 1444 exhalarent,
1032 1352 1176 1446 quidam
1200 1353 1431 1428 membrorum
1454 1355 1668 1430 mutilatione

255 1479 427 1556 deformes
451 1477 572 1554 herent
595 1477 742 1570 abjectio
765 1476 876 1572 plebis
898 1485 934 1550 et
958 1477 1148 1552 ludibrium
1175 1477 1397 1574 populorum
1418 1479 1566 1571 majores
1583 1501 1666 1554 vero

254 1604 408 1700 ipsorum
432 1601 660 1698 compedibus
681 1611 716 1674 ct
734 1599 867 1674 nobiles
889 1599 1034 1672 manicis
1053 1599 1172 1674 terreis
1194 1599 1324 1694 alligati
1342 1601 1470 1697 captivi
1489 1610 1524 1676 et
1543 1603 1666 1676 exules

256 1729 293 1800 in
311 1729 476 1802 Teutonie
494 1733 723 1816 macerentur,
743 1723 886 1819 reliquis
907 1723 1114 1798 hereditates
1131 1747 1213 1798 suas
1237 1723 1273 1796 in
1295 1724 1469 1798 extraneis
1492 1728 1665 1800 transferri

254 1851 456 1925 videntibus
474 1859 508 1924 et
530 1849 653 1924 domos
669 1872 750 1924 suas
771 1849 896 1944 subjici
918 1849 1051 1924 alienis.
1074 1851 1201 1922 Verum
1220 1871 1265 1922 ne
1286 1850 1532 1946 compassionis
1553 1861 1667 1926 nostre

254 1975 436 2068 solatium,
461 1974 523 2070 qni
548 1974 759 2071 patientibus
782 1995 827 2050 ex
853 1983 1011 2070 suscepte
1039 1973 1345 2050 administrationis
1373 1973 1491 2048 debito
1516 1977 1665 2072 compati

256 2101 418 2172 volumus
442 2111 477 2174 et
493 2107 662 2190 tenemur,
680 2098 818 2195 penitus
839 2098 1073 2191 subtrabatur,
1096 2099 1225 2194 quibus
1243 2099 1318 2195 ipse
1339 2099 1506 2172 Dominus
1518 2101 1591 2192 jam
1610 2101 1664 2175 vi·

256 2223 357 2297 detur
383 2246 430 2297 ex
462 2234 556 2320 parte
588 2223 764 2318 placatus,
791 2223 1058 2312 concubitibus,
1071 2223 1232 2296 tratribus
1256 2224 1379 2297 uostris
1408 2224 1577 2298 universis
1603 2249 1664 2300 ar-

255 2347 484 2444 chiepiscopis
497 2357 530 2420 et
547 2347 680 2420 dilectis
697 2347 777 2419 liliis
793 2347 968 2420 nobilibus
984 2347 1069 2420 viris
1084 2345 1354 2438 marchionibus,
1374 2349 1539 2440 ducibus,
1556 2351 1664 2424 haro-

256 2473 359 2545 nibus
381 2483 416 2546 et
436 2473 514 2545 aliis
538 2471 742 2546 Alamannia
766 2471 982 2568 principibus
1006 2471 1167 2546 dedimus
1191 2473 1226 2545 in
1251 2472 1422 2547 mandatis
1448 2483 1484 2546 ut
1505 2473 1665 2548 dilectam

256 2597 292 2669 in
312 2597 444 2670 Christo
462 2595 567 2670 filiam
586 2605 737 2670 nostram
756 2597 907 2671 nobilem
921 2600 1100 2672 mulierem
1115 2597 1283 2688 Sihiliam,
1301 2597 1410 2670 filium
1429 2621 1470 2672 ac
1486 2597 1573 2672 fllias
1591 2601 1667 2693 ejus

255 2729 289 2794 et
308 2730 438 2794 ceteros
458 2721 504 2795 de
526 2743 634 2814 regno
650 2721 765 2794 Sicilie
785 2721 847 2816 qui
866 2721 901 2792 in
927 2721 1095 2794 Teutonis
1110 2721 1319 2808 detinentur,
1337 2743 1359 2794 a
1378 2721 1583 2794 detentionis
1605 2745 1667 2795 sue

254 2843 406 2918 vinculis
417 2843 613 2940 absolutos,
634 2845 682 2919 ad
697 2867 760 2919 nos
778 2845 915 2938 liberos,
936 2845 1159 2919 excusatione
1177 2855 1211 2918 et
1228 2844 1392 2918 dilatione
1408 2853 1582 2936 cessante,
1606 2867 1662 2918 ra-

254 2971 403 3043 mittant.
433 2969 518 3043 lude
549 2980 603 3044 est
633 2969 729 3065 qnod
759 2968 957 3043 discretioni
983 2979 1097 3044 vestre
1122 2991 1187 3066 per
1215 2969 1401 3066 apostolica
1434 2969 1559 3066 scripte
1588 2989 1666 3065 pre·

254 3093 416 3189 cipiendc
448 3093 655 3168 mandamus
687 3103 859 3189 quatenus
887 3095 916 3166 si
940 3093 1142 3168 mandatum
1173 3101 1327 3166 nostrum
1358 3093 1444 3166 iorte
1472 3115 1540 3167 non
1566 3094 1667 3166 luerit

254 3217 495 3314 adimpletum,
507 3239 572 3292 vos
588 3217 624 3290 in
640 3218 836 3292 detentores
854 3239 973 3290 eorum
986 3217 1353 3291 excommunicationis
1367 3217 1569 3290 sententiam
1587 3237 1666 3311 pro·

255 3341 371 3414 ieratis
385 3352 419 3414 et
438 3351 545 3414 terras
559 3363 693 3430 eorum,
714 3341 820 3415 immo
837 3351 941 3416 totam
962 3341 1124 3415 diocesim
1139 3341 1173 3412 in
1191 3363 1261 3436 qua
1280 3339 1411 3414 nobiles
1426 3341 1492 3438 ipsi
1507 3349 1667 3413 tenentur

253 3465 312 3540 vel
330 3465 498 3562 adquam
521 3463 648 3540 luerint
671 3468 758 3540 forte
779 3465 931 3540 translati
954 3465 1136 3540 interdicto
1158 3464 1334 3557 subdatis;
1354 3457 1510 3539 neutram
1529 3463 1667 3540 relaxa·

254 3590 323 3663 turi
341 3591 558 3692 sententiam,
573 3591 685 3666 donec
701 3592 767 3687 ipsi
782 3592 928 3666 libertati
943 3591 1070 3664 luerim
1084 3590 1225 3686 pristine
1237 3589 1397 3663 restituti.
1408 3589 1547 3662 Dilectis
1564 3589 1666 3662 etiam

255 3713 336 3787 liliis
360 3715 510 3810 capitulo
534 3715 736 3810 Magantiuo
765 3737 828 3813 per
852 3713 1039 3812 apostolica
1063 3714 1188 3810 scripta
1214 3701 1435 3811 precipiendo
1462 3715 1668 3788 mandamus

255 3847 294 3911 nt
310 3840 514 3912 seutentiam
528 3862 633 3936 quam
649 3863 713 3914 vos
729 3841 945 3937 propterbco
956 3841 1137 3936 contigerit
1151 3841 1380 3937 promulgare,
1394 3848 1504 3913 ratam
1517 3839 1668 3914 babeant

255 3972 289 4036 et
306 3963 434 4038 iaciant
451 3963 698 4038 inviolabiliter
713 3965 890 4039 observari
908 3963 922 4062 (
948 3963 973 4060 ).

292 4263 328 4339 (tl
347 4267 406 4322 lam
420 4282 471 4341 pro
486 4265 644 4326 liberatione
656 4267 848 4342 archiepiscopi
861 4267 1018 4326 salernitani
1041 4273 1069 4324 ct
1088 4265 1201 4323 fratrum
1222 4265 1280 4338 ejus
1302 4265 1374 4339 apud
1393 4263 1544 4337 Philippum
1564 4261 1672 4320 llenrici

255 4361 325 4420 sexti
338 4361 447 4420 tratrem
460 4371 594 4439 sategerat
605 4364 736 4440 pontilex.
751 4365 857 4435 Quibus
867 4365 1004 4438 liberatis,
1019 4364 1108 4422 adhuc
1119 4369 1210 4422 nmen
1222 4362 1360 4434 exulibus,
1374 4379 1390 4422 a
1403 4360 1558 4420 Constantia
1568 4375 1618 4433 pro
1631 4359 1672 4418 eis

254 4458 432 4518 restitutionis
450 4462 561 4534 gratiam
580 4462 744 4536 impetravit.
760 4462 853 4520 sibilia
869 4470 960 4521 autem
973 4461 1065 4520 relicta
1080 4462 1152 4534 regis
1163 4459 1293 4518 Taucredi
1311 4475 1373 4517 cum
1393 4457 1499 4514 filiabus
1511 4457 1568 4514 artis
1582 4471 1671 4530 ergas-

254 4553 341 4612 tulum
362 4557 525 4631 captiuitetis
545 4559 644 4631 erasit,
660 4565 689 4617 et
703 4561 731 4616 in
744 4573 856 4634 regnum
875 4560 1038 4618 Francorum
1051 4557 1208 4631 oonlnghns
1221 4555 1426 4630 primogenitam
1447 4568 1524 4611 suam
1544 4552 1672 4611 Gualtaro

253 4651 383 4710 Brenensi
401 4645 493 4713 co'rniti
508 4655 618 4713 tradidit
635 4657 663 4713 in
682 4673 802 4715 uxorem.
818 4657 879 4717 vin.
898 4658 971 4716 Geet.
985 4657 1080 4714 lorice.
1100 4656 1160 4726 lll,
1179 4669 1239 4728 cap.
1253 4653 1341 4710 xxu.
1354 4677 1390 4700 n-
1403 4670 1416 4704 r
1431 4649 1569 4725 Philippus
1588 4650 1671 4710 rades

253 4753 389 4826 praelatos
403 4754 510 4815 domino
524 4771 610 4832 papae
623 4758 737 4816 remisit.
750 4757 882 4829 Quocirca
895 4773 965 4832 papa
976 4761 1007 4815 ut
1020 4755 1143 4816 odiosum
1158 4753 1221 4829 plus
1239 4752 1366 4812 redderet
1376 4749 1545 4826 Philippum,
1560 4750 1672 4810 comites
