4382 5946
271 556 371 618 lenton
390 549 431 636 S]
719 546 917 612 HISTORIA
942 540 1237 605 DlPLOMA'l'lCA.
1624 539 1685 602 333

267 711 384 766 comes
398 684 593 772 Friderioos
606 683 651 764 de
664 682 814 771 Ferrato,
831 680 1019 758 Henrricns
1032 677 1077 750 de
1088 676 1214 766 Nillen,
1230 675 1415 753 Anselmns
1427 674 1473 748 de
1488 675 1683 768 lustingen,

269 813 474 908 lindolphus
492 809 685 884 advocatos
705 807 750 880 de
771 804 1065 902 Reprehtiswilar,
1086 801 1269 881 Vallherus
1294 800 1458 896 pincerna
1474 799 1519 872 de
1540 797 1684 894 Scipho,

270 937 466 1012 Fridericos
480 933 527 1008 de
544 931 794 1022 Sconninburc,
816 939 852 1004 et
868 929 927 1002 alii
943 927 1178 1022 quamplures.

319 1061 464 1156 Signum
480 1052 612 1136 domini
625 1053 790 1128 Friderici
806 1051 951 1133 moundi
969 1052 1200 1126 Romanomm
1218 1047 1310 1142 regis
1326 1057 1362 1120 et
1379 1048 1472 1142 regis
1489 1047 1605 1122 Sicilie
1625 1048 1687 1118 in-

271 1182 466 1260 victissimi.
496 1240 501 1259 .
1459 1233 1462 1247 .

320 1311 394 1404 Ego
410 1303 589 1382 Coomdos
606 1303 779 1400 Spirensis
802 1311 837 1376 et
858 1300 1022 1376 Metennio
1039 1296 1271 1398 [episcopos],
1296 1297 1486 1394 imperialis
1510 1297 1589 1369 anle
1605 1318 1687 1372 can·

272 1435 450 1522 cellarius,
471 1431 549 1503 vice
572 1427 705 1501 domini
728 1427 882 1500 Umberti
900 1425 1107 1500 Viennensis
1133 1422 1380 1518 archiepiscopi
1403 1431 1437 1494 et
1462 1421 1569 1496 totins
1590 1421 1687 1516 regni

273 1556 475 1652 Burgundio
496 1552 804 1643 archicancellarii,
829 1550 1028 1646 recognovi.

322 1681 408 1756 Acta
428 1689 510 1754 sunt
522 1687 639 1752 autern
656 1677 721 1750 heo
737 1698 829 1758 anno
848 1675 980 1750 domini
997 1675 1046 1748 M⁰
1060 1674 1124 1748 CC⁰
1138 1673 1248 1764 Xllll,
1268 1681 1435 1766 regnante
1452 1669 1593 1755 domino
1607 1671 1687 1744 Fre·

276 1807 392 1881 dorico
409 1803 564 1879 mcondo
578 1805 813 1877 Romanorum
833 1809 963 1896 regest
978 1821 1059 1896 rege
1076 1799 1192 1874 Sicilie
1208 1797 1370 1892 glorioso,
1386 1817 1478 1870 anno
1494 1795 1592 1890 regni
1609 1796 1686 1888 ejus

274 1929 449 2128 fficgffi
465 2050 560 2148 apud
577 2049 760 2140 Basileam,
778 2049 881 2120 vllll⁰
897 2045 1062 2122 kalendas
1082 2045 1288 2136 decembris,
1309 2043 1498 2118 indictione
1516 2044 1632 2118 tercia.

502 2391 658 2404 ...ι-.-

328 2663 561 2768 Fridericus,
581 2663 840 2746 Romanorum
864 2688 950 2769 rex,
970 2661 1129 2744 mandat
1155 2660 1345 2744 Ademaro
1366 2662 1414 2744 de
1435 2661 1617 2771 Fidelis,
1638 2690 1688 2747 ne
1735 2692 1860 2800 ὣ,

276 2798 317 2878 in
333 2797 494 2882 dioecesi
512 2796 641 2880 Diensi
659 2795 866 2907 pedagium
881 2796 1048 2904 accipere
1066 2803 1133 2878 aut
1148 2803 1306 2877 stratam
1325 2793 1519 2904 publicam
1537 2797 1688 2881 munire
1715 2798 1883 2846 ”Wlffl-

275 2931 404 3014 illicite
429 2939 661 3040 praesumat.

359 3147 478 3228 (Inedlt.
495 3166 535 3209 ex
547 3145 614 3208 cod.
628 3164 711 3227 perg.
726 3145 804 3210 Bihl.
817 3163 879 3227 reg.
892 3145 999 3220 Paris„
1015 3153 1050 3207 ot
1066 3145 1215 3213 Minima,
1230 3145 1310 3208 dlcto
1328 3143 1407 3207 tituli
1419 3147 1560 3228 mma.)

324 3334 528 3408 Fredericns
544 3334 718 3408 secundus
732 3334 851 3408 divina
866 3336 1005 3408 favente
1020 3333 1200 3407 clementia
1216 3333 1444 3407 Romanorum
1459 3357 1535 3427 rex,
1551 3358 1688 3435 semper

275 3469 447 3552 angustus
463 3467 497 3531 et
514 3481 578 3532 rex
602 3459 736 3546 Sicilie,
759 3458 867 3531 nobili
882 3457 961 3532 viro
977 3457 1020 3530 Α.
1049 3457 1095 3531 de
1112 3455 1265 3530 Pictavia
1288 3455 1445 3531 salntem.
1469 3457 1554 3532 Cum
1580 3462 1689 3538 felicis

276 3583 440 3655 memorie
458 3603 547 3655 avus
566 3589 682 3655 noster
701 3582 905 3656 Fredericns
926 3583 1156 3656 Romanorum
1177 3581 1360 3678 imperator
1377 3583 1559 3659 attendens
1580 3587 1690 3662 devo·

276 3705 405 3778 tionem
428 3705 563 3778 Diensis
581 3705 743 3796 ecclesie,
763 3705 932 3801 quicquid
949 3705 1006 3778 W.
1022 3705 1068 3778 de
1082 3706 1251 3794 Pictavin,
1272 3715 1370 3802 pater
1393 3715 1491 3799 tuus,
1517 3710 1553 3782 in
1571 3711 1690 3786 Diensi

276 3829 405 3903 diocesi
421 3829 632 3925 possidebat,
652 3841 799 3927 excepto
816 3841 928 3905 castro
945 3831 990 3905 de
1007 3831 1149 3923 Quinto,
1169 3831 1284 3906 eidem
1302 3832 1450 3904 ecclesie
1469 3837 1687 3928 concesserit,

274 3955 363 4030 illud
382 3955 420 4028 in
436 3978 500 4030 suo
522 3956 705 4053 privilegio
717 3957 843 4030 eidem
862 3956 1007 4030 ecclesie
1030 3955 1280 4047 confirmando,
1301 3977 1366 4030 nos
1384 3957 1504 4032 ¹dilecti
1521 3968 1557 4031 et
1577 3958 1691 4034 tidelis

275 4080 383 4152 nostri
415 4079 584 4154 Desiderii
615 4080 753 4154 Dieosis
786 4080 938 4176 episcopi
972 4079 1194 4155 devotionem
1221 4081 1540 4156 affectuosissimam
1573 4093 1691 4158 etten-

275 4205 417 4296 dentes,
446 4205 641 4300 predictum
674 4215 824 4277 casuum
855 4202 902 4277 de
931 4204 1060 4289 Quinto
1086 4215 1122 4277 et
1146 4205 1316 4300 quioquid
1343 4206 1381 4277 in
1412 4206 1527 4278 Diensi
1559 4206 1690 4281 diocesi

275 4328 455 4424 possides,
477 4328 544 4424 ipsi
563 4337 598 4402 et
615 4328 872 4402 successoribus
886 4330 960 4401 suis
978 4349 1024 4402 ex
1042 4329 1150 4423 regali
1169 4328 1404 4404 munificentia
1422 4341 1590 4427 perpetuo
1607 4353 1691 4406 coo-
1761 4330 1764 4338 '

276 4453 463 4544 cessimus,
484 4452 705 4526 donationem
729 4461 763 4524 et
786 4451 1045 4526 concessionem
1062 4473 1169 4526 auree
1192 4453 1287 4527 bollo
1304 4454 1398 4548 mgis
1419 4457 1611 4530 munimine
1633 4479 1690 4531 ro·

276 4576 452 4649 borantes.
479 4577 566 4648 Com
595 4584 712 4650 autem
744 4575 796 4648 in¹
810 4575 993 4672 privilegio
1023 4575 1195 4649 Frederici
1226 4577 1372 4652 ecclesie
1400 4578 1519 4652 Diensi
1553 4579 1689 4656 indulto

277 4700 505 4795 cognovimus
524 4701 739 4798 perlegentes
758 4701 855 4797 quod
877 4700 913 4774 in
937 4708 1007 4776 tolo
1030 4700 1232 4798 episcopatu
1248 4703 1367 4776 Diensi
1387 4701 1576 4801 pedagium
1597 4707 1690 4781 acci·
