4334 5980
486 457 547 518 aare
988 463 1201 524 rnrnsurcr
1224 461 1397 525 sacrant
1452 479 1457 486 ·
1711 463 1791 542 [sn
1810 463 1891 524 reta

489 594 671 668 veniamur
685 595 831 691 ingrati,
853 621 933 672 cum
953 607 1032 696 post
1048 598 1160 672 diuini
1175 599 1331 674 muueris
1353 598 1501 692 mnam
1525 613 1596 672 nou
1610 598 1728 672 solum
1751 611 1892 690 tetram

489 717 552 792 sed
577 719 686 792 vitatu
709 739 771 816 per
797 735 950 796 vestrum
975 723 1206 820 patrocinium
1232 741 1297 796 uos
1318 723 1488 796 fateamur
1510 719 1651 796 babes.
1676 722 1771 796 licet
1795 722 1896 816 igitur

489 853 722 918 comessores
746 847 854 920 nostri
882 849 975 922 clare
997 847 1163 922 memoris
1188 869 1289 940 reges
1315 847 1431 920 Sicilie
1453 845 1651 942 Apostolice
1673 846 1757 920 Sedi
1779 844 1897 920 fideles

489 968 617 1041 tuerint
632 980 668 1044 st
683 971 818 1064 devoti,
840 995 905 1046 uos
919 984 1034 1048 amau
1048 983 1145 1046 tauto
1160 971 1336 1046 fideliores
1347 981 1384 1046 et
1397 970 1593 1046 devotiom
1609 971 1643 1044 oi
1660 969 1896 1046 desideramus

488 1091 637 1166 existere
653 1105 784 1190 quanto
803 1097 904 1194 plura
920 1109 956 1174 et
971 1099 1104 1195 potiora
1121 1097 1290 1174 beneficia
1307 1119 1372 1172 uos
1394 1097 1441 1179 ab
1458 1117 1503 1172 ea
1515 1096 1757 1188 cognoscimus
1776 1117 1898 1192 perce-

490 1215 582 1310 pisse
605 1241 648 1291 ac
664 1219 700 1292 iu
724 1231 900 1316 posterum
925 1233 1147 1320 percepturos
1170 1245 1247 1298 esse
1269 1222 1511 1320 perspicimus.
1533 1222 1604 1296 Vos
1625 1221 1719 1294 euim
1743 1219 1844 1293 nobis
1865 1229 1898 1293 et

489 1340 676 1416 heredibus
690 1345 817 1420 uostris
829 1347 891 1442 qui
909 1349 945 1422 in
963 1368 1111 1443 reguum
1132 1347 1362 1422 successoeint
1374 1346 1592 1422 coucoesistis
1607 1367 1754 1437 regnum
1770 1345 1896 1434 Sicilie,

490 1464 654 1540 ducatum
672 1467 800 1566 Apulis
819 1494 862 1546 nc
885 1473 1115 1568 principatum
1134 1473 1251 1568 Capua
1273 1494 1354 1546 cum
1373 1471 1448 1545 suis
1467 1469 1685 1568 montiis
1707 1468 1895 1556 universis,

490 1591 686 1688 Neapolim,
705 1595 885 1668 Salernum
902 1605 938 1669 et
953 1595 1135 1670 Amalfiam
1149 1619 1231 1670 cum
1256 1595 1471 1694 pertiuentiis
1487 1595 1580 1684 suis,
1600 1594 1760 1668 hlarsiam
1783 1603 1818 1665 et
1832 1591 1898 1664 adia

324 1719 328 1726 '
490 1737 561 1810 qus
578 1718 669 1792 ultra
682 1718 844 1792 hlarsiam
863 1718 1033 1794 debemus
1050 1721 1179 1796 habere
1195 1742 1238 1794 ac
1252 1721 1387 1816 reliqua
1401 1719 1590 1794 enimenta
1604 1740 1674 1814 que
1690 1729 1858 1808 tenemus,
1879 1737 1899 1790 a

491 1839 793 1936 predecessoribus
810 1845 936 1917 nesah
959 1845 1159 1920 bominibus
1180 1853 1299 1920 mode
1318 1845 1472 1920 Romane
1488 1843 1642 1918 Ecclesia
1652 1845 1733 1938 jure
1747 1841 1897 1930 danne,

494 1971 529 2036 st
548 1973 666 2038 contra
692 1987 812 2040 omues
839 1967 997 2042 homiues
1021 1967 1209 2044 honorifice
1232 1978 1458 2044 manutenere
1480 1968 1663 2062 juvabitis.
1688 1968 1754 2040 Pro
1773 1965 1902 2062 quibus

495 2089 657 2162 omuibus
678 2110 792 2162 coram
817 2091 1018 2166 charissimo
1035 2095 1147 2168 amico
1168 2101 1284 2168 noenu
1308 2092 1450 2168 domiuo
1472 2090 1635 2187 Gregorio
1654 2091 1770 2166 Sancti
1787 2089 1901 2162 'lbeo-

495 2207 572 2284 dori
600 2215 788 2287 vmembili
814 2215 962 2291 diacono
983 2219 1170 2312 cardinali,
1191 2217 1386 2314 Apoemhoe
1413 2216 1515 2291 Sedis
1542 2218 1674 2310 legato,
1704 2213 1900 2288 fidelitatem

495 2335 595 2409 vobis
616 2338 809 2433 vestrisque
832 2344 1090 2416 successoribus
1111 2353 1146 2418 ot
1166 2345 1320 2418 Ecclesia
1342 2345 1496 2418 Romane
1516 2341 1732 2438 juravimus,
1754 2339 1900 2442 sicut-in

494 2459 634 2534 duobus
653 2464 825 2538 similibus
845 2467 1091 2562 capitularibus
1113 2478 1167 2542 est
1189 2489 1395 2565 expressum
1412 2489 1562 2562 quorum
1582 2487 1692 2538 unum
1714 2485 1823 2559 penes
1840 2483 1904 2534 uos

493 2593 609 2660 vestro
622 2585 736 2682 sigillo
749 2599 784 2661 et
801 2590 946 2663 alterum
964 2613 1070 2688 penes
1085 2613 1152 2666 vos
1165 2601 1281 2665 nostm
1294 2591 1408 2686 sigillo
1425 2611 1533 2663 aureo
1548 2589 1721 2662 munitum
1735 2587 1899 2672 habetur;

493 2707 637 2785 firmiter
654 2715 889 2809 promittentes
914 2718 1010 2812 quod
1028 2717 1113 2812 quia
1129 2737 1271 2812 presens
1287 2715 1438 2812 presenti
1460 2713 1566 2788 debet
1587 2712 1781 2786 hominium
1799 2709 1905 2783 exhi·

495 2835 595 2930 bere,
617 2837 910 2936 quandocumque
930 2862 994 2914 vos
1016 2851 1077 2914 aut
1097 2861 1313 2915 successores
1335 2839 1443 2914 nasot
1463 2859 1527 2912 nos
1544 2839 1583 2914 iu
1604 2837 1755 2931 aliquam
1773 2845 1903 2931 partem

496 2961 722 3056 requiquam
743 2985 864 3038 secure
886 2964 1059 3061 possimus
1085 2966 1183 3040 adira
1206 2965 1253 3040 ad
1277 2973 1430 3056 uestram
1453 2961 1662 3060 presentiam
1682 2958 1900 3048 vocaveritis,

497 3084 704 3158 amedemus
725 3086 847 3180 ligium
869 3087 1069 3184 homagium
1090 3089 1285 3188 prestituri,
1304 3089 1522 3188 nisicertnm
1539 3085 1824 3183 impedimentum
1845 3091 1905 3156 aut

496 3207 643 3283 evidens
658 3210 844 3285 necessitas
857 3212 1096 3306 intervenerit3
1112 3214 1242 3309 quibus
1259 3213 1474 3286 cessantibus
1489 3210 1670 3286 veniemus
1687 3209 1764 3281 siue
1784 3205 1906 3280 fraude

495 3335 542 3408 ad
558 3335 680 3430 ligium
705 3335 905 3432 homagium
922 3336 1131 3413 laciendum.
1152 3338 1302 3412 Ceusum
1321 3357 1407 3412 vero
1422 3345 1664 3410 sexcentorum
1680 3331 1905 3428 squilatomm

497 3457 542 3532 de
561 3458 684 3555 Apulia
708 3469 743 3532 et
760 3459 932 3554 Calabria,
958 3460 1290 3558 quadringentorum
1308 3481 1392 3535 voro
1415 3459 1461 3535 de
1482 3458 1606 3534 hlarsia
1627 3457 1685 3531 vel
1705 3455 1907 3552 equivaleus

497 3583 534 3654 iu
553 3605 637 3658 auro
655 3583 710 3656 rel
731 3583 874 3677 argento
892 3605 956 3658 uos
973 3595 1009 3658 st
1024 3585 1170 3660 heredes
1190 3587 1299 3660 nostri
1325 3585 1428 3658 vobis
1450 3593 1485 3658 et
1502 3580 1757 3656 successoribus
1785 3578 1908 3652 vestris

499 3708 600 3780 aunis
629 3707 776 3799 siugulis
801 3709 1057 3803 persolvemus,
1077 3707 1146 3782 uisi
1169 3712 1255 3784 forta
1278 3708 1422 3806 aliquod
1446 3705 1732 3806 impedimentum
1753 3703 1908 3776 interve-

500 3832 606 3924 uen‘t3
626 3851 697 3926 quo
720 3841 874 3906 cessante
894 3851 1019 3906 census
1036 3855 1082 3907 ex
1106 3834 1240 3930 integro
1260 3833 1487 3932 persolvetur.
1508 3831 1698 3904 Electioues
1715 3838 1831 3901 numm
1849 3847 1908 3900 sc·

452 3945 455 3950 ’
501 3957 656 4030 cundum
685 3957 796 4030 Mum
827 3979 888 4054 per
913 3967 1022 4032 totum
1048 3982 1194 4056 reguum
1218 3961 1384 4036 canonice
1407 3957 1513 4052 liant,
1542 3955 1589 4031 de
1612 3954 1740 4028 talibus
1765 3950 1907 4046 quidem

501 4082 659 4182 personis
680 4081 811 4177 quibus
834 4103 899 4156 uos
920 4091 956 4158 et
976 4083 1121 4159 heredes
1145 4086 1252 4159 nostri
1279 4080 1484 4180 requisitum
1509 4103 1531 4157 a
1552 4081 1654 4154 uobis
1676 4077 1820 4176 prebere
1843 4072 1909 4148 de-

502 4209 647 4284 beamus
675 4229 867 4282 assensum.
894 4210 966 4284 lleo
986 4219 1102 4284 autem
1124 4212 1241 4286 omnin
1268 4211 1360 4284 siout
1380 4210 1502 4299 uobis,
1520 4207 1572 4282 sic
1597 4206 1702 4279 etiam
1721 4199 1909 4276 heredibus

504 4335 631 4408 nostris
647 4333 710 4430 qui
729 4333 765 4406 iu
782 4355 928 4430 regnum
943 4335 1170 4409 successerint
1184 4333 1416 4428 concessistis,
1433 4333 1566 4430 quique
1580 4329 1670 4402 sicut
1682 4347 1746 4401 nos
1759 4323 1863 4398 robis
1875 4331 1910 4396 et

505 4459 761 4534 successoribus
782 4459 906 4533 vestris
926 4481 968 4534 ac
986 4459 1137 4533 Ecclesia
1158 4461 1310 4534 Romano
1334 4459 1532 4533 fidelitatem
1556 4457 1669 4529 lacere
1691 4471 1806 4548 queve
1827 4467 1910 4544 pre-

504 4585 631 4682 scripta
656 4593 738 4658 sunt
760 4583 905 4658 fideliter
922 4577 1098 4660 'voluerim
1120 4585 1315 4660 observare.
1342 4585 1387 4659 Ut
1405 4593 1521 4658 auwm
1539 4601 1609 4677 que
1628 4597 1734 4675 supra
1754 4573 1911 4649 diximus
