4382 5946
560 521 624 584 2⁸14
1059 531 1276 596 inibsnici
1303 531 1480 595 secerni
1785 535 1866 615 [dn.
1883 535 1969 597 1213.

640 665 816 736 (Memorat.
831 683 881 744 ap.
896 667 1060 743 bonnm,
1075 669 1189 750 itaque
1203 667 1318 747 ispa„
1338 683 1370 745 p.
1390 677 1447 744 74,
1466 681 1503 731 n⁰
1522 679 1573 746 es,
1596 689 1635 734 ex
1655 671 1791 752 oeigiaaii
1812 671 1891 750 opud
1905 671 1971 733 Dii-

682 771 834 852 lemburg.)

615 941 737 1012 ilatum
753 942 849 1038 apnd
864 943 1008 1038 lignem,
1028 966 1121 1020 anno
1136 945 1310 1024 dominice
1324 949 1572 1024 incarnationis
1584 947 1764 1040 mccxlii,
1782 948 1844 1020 xii
1858 947 1970 1020 kalen·

563 1067 627 1140 das
641 1069 799 1162 augusti,
818 1069 1008 1144 indictione
1020 1071 1047 1144 1.

781 1379 1748 1392 —o———u-——m-mu--n

368 1651 514 1760 ruffi
613 1645 847 1754 Fridericus,
871 1647 1131 1748 Romanorum
1153 1672 1240 1753 rex,
1262 1645 1494 1730 monasterio
1523 1645 1797 1729 Hehilsbnrnin
1820 1645 1968 1758 (liciis-

368 1705 456 1814 ΝΜ
442 1761 492 1804 “·’“
560 1777 708 1890 bronn)
722 1779 951 1890 praedium
940 1807 980 1862 rn
999 1781 1137 1864 Gerote
1148 1707 1364 1886 conlirmet,
1380 1779 1486 1890 quod
1498 1778 1711 1864 fridericus
1727 1781 1777 1864 de
1792 1780 1967 1886 llaslaeh⁷

560 1913 819 1997 ministerialis
837 1940 951 2022 snus,
969 1914 1072 1998 dicte
1089 1913 1321 2000 monasterio
1336 1913 1520 1997 vendidit.

643 2127 844 2208 (Editumrp.
858 2131 987 2190 iiorrum
1003 2131 1106 2208 Boica,
1121 2137 1195 2194 tom.
1214 2133 1361 2210 xxm
1383 2139 1431 2204 tt,
1445 2128 1601 2204 milevi,
1620 2145 1658 2190 ex
1676 2127 1811 2208 originali
1830 2089 1909 2190 unde
1928 2129 1967 2189 si·

676 2235 782 2315 gilium
795 2237 871 2298 bene
887 2255 1061 2316 exprmsum
1079 2245 1110 2300 et
1126 2237 1187 2300 iere
1203 2239 1338 2300 iibesum
1353 2235 1501 2316 appendet
1518 2253 1557 2297 ex
1572 2235 1633 2298 iilis
1646 2237 1747 2297 serids
1764 2236 1848 2298 rubri
1859 2241 1889 2297 et
1900 2236 1966 2296 ilari

677 2342 808 2424 coloris.)

606 2531 810 2605 Frederiens
827 2529 1004 2604 secandus
1021 2531 1084 2604 Dei
1109 2531 1221 2626 gretia
1236 2533 1471 2606 Romanorum
1493 2553 1559 2605 rex
1583 2541 1619 2604 et
1645 2551 1781 2626 semper
1804 2537 1968 2624 angustos

555 2663 591 2728 et
607 2677 673 2728 rex
691 2655 856 2752 Syoiiiee,
878 2655 1013 2729 dilectis
1030 2663 1066 2729 et
1082 2655 1341 2730 venerabilibus
1356 2657 1521 2732 iratribus
1536 2655 1655 2730 abbuti
1671 2656 1802 2750 totique
1817 2675 1967 2728 eonven-

556 2779 607 2852 tui
624 2779 660 2852 in
679 2780 927 2854 Hahilsburnin
944 2779 1090 2876 gratiam
1108 2803 1207 2855 snam
1225 2791 1262 2854 et
1275 2803 1379 2856 omne
1399 2783 1544 2856 bonum.
1565 2782 1726 2856 Veientes
1741 2781 1787 2854 ob
1804 2781 1896 2854 iiiios
1911 2799 1966 2854 m-

556 2903 747 2978 verentiam
763 2905 825 3000 qni
843 2903 1111 2980 miserioorditer
1131 2927 1197 2980 uos
1221 2906 1376 3002 respexit
1397 2915 1433 2980 et
1449 2907 1653 2980 mirabiliter
1669 2907 1771 2980 otiam
1786 2904 1965 3002 pmmovit,

555 3049 721 3124 personas
739 3028 930 3124 relligiosas
947 3039 983 3103 et
1000 3030 1075 3104 locu
1099 3030 1230 3106 divinis
1246 3031 1444 3128 mancipata
1458 3031 1637 3126 obsequiis
1653 3041 1688 3104 et
1703 3031 1894 3127 specialiter
1911 3029 1966 3103 di-

555 3153 679 3226 lectem
698 3153 798 3226 nobis
815 3154 1074 3228 universitatem
1092 3165 1243 3230 vestram
1260 3165 1505 3252 augmentare,
1522 3155 1667 3249 diligere
1684 3175 1818 3252 semper
1834 3165 1870 3228 et
1891 3175 1965 3252 pro·

556 3297 712 3370 movere,
730 3277 892 3374 predium
908 3279 945 3350 in
960 3281 1086 3354 Gernte
1098 3289 1134 3354 et
1149 3281 1186 3354 in
1201 3281 1278 3354 aliis
1293 3281 1380 3354 loeis
1393 3281 1608 3376 ubicumque
1619 3279 1861 3372 constitutum,
1874 3276 1965 3374 qnod

557 3400 660 3476 vobis
678 3413 714 3476 et
731 3403 939 3479 monasterio
955 3415 1071 3480 vestro
1090 3405 1251 3480 vendidit
1266 3427 1330 3502 pro
1345 3405 1499 3500 quadem
1521 3425 1656 3478 summe
1681 3403 1829 3500 pecunie
1850 3401 1965 3474 minis-

558 3527 687 3601 terialis
710 3538 825 3602 noster
845 3527 1047 3604 Frodericus
1068 3529 1115 3604 de
1131 3530 1278 3604 ilesluch
1301 3540 1339 3604 et
1359 3531 1414 3604 sui
1435 3527 1598 3622 heredes,
1614 3549 1675 3624 per
1694 3549 1836 3600 manum
1859 3524 1965 3600 fidelis

559 3651 667 3722 nostri
685 3652 857 3746 iiamungi
876 3652 921 3726 de
939 3653 1112 3730 Swabach
1136 3663 1300 3749 tanquam
1324 3675 1551 3750 permenam
1573 3651 1744 3726 salmanni
1766 3647 1968 3724 monasterio

559 3784 674 3849 vestro
692 3785 727 3848 et
747 3778 848 3850 vobis
871 3787 1038 3874 perpetuo
1056 3779 1244 3854 tenendum
1264 3779 1537 3868 transmisimus,
1555 3787 1590 3854 et
1608 3797 1672 3874 pro
1687 3774 1842 3850 remedio
1856 3773 1966 3846 anime

559 3903 735 3974 nostruin
759 3902 956 3976 subsidium
984 3905 1244 3978 sustentationis
1270 3913 1385 3978 vestre
1409 3902 1581 3976 donamus
1602 3911 1637 3976 et
1658 3901 1837 3996 largimur,
1861 3897 1967 3994 ipsius

559 4021 792 4098 ministerialis
812 4027 919 4100 nostri
937 4036 972 4100 et
990 4027 1159 4102 heredum
1176 4050 1319 4102 snorum
1343 4027 1578 4102 venditionem
1601 4035 1734 4122 gratans
1755 4025 1920 4098 hebentes
1935 4029 1967 4094 et

558 4159 668 4224 ratem
686 4158 721 4225 et
734 4149 874 4225 eusdem
889 4153 1123 4249 possessiones
1133 4153 1234 4229 vobis
1249 4151 1503 4228 confirmantes.
1519 4151 1725 4227 biandamus
1737 4149 1844 4244 igitur
1857 4157 1892 4220 et
1904 4145 1966 4220 snb

557 4296 649 4371 pena
665 4275 773 4370 gretie
789 4287 903 4349 nostre
921 4275 1064 4350 firmiter
1084 4277 1296 4374 precipimus
1315 4287 1354 4351 ut
1370 4299 1436 4352 neo
1453 4285 1662 4352 memoratus
1680 4273 1883 4347 Fredericns
1906 4292 1968 4344 nee

558 4397 668 4493 ipsius
683 4398 847 4493 heredes,
865 4401 960 4474 nulle
986 4423 1127 4497 quoque
1153 4402 1222 4475 alia
1247 4423 1394 4498 persone
1416 4423 1482 4474 vos
1506 4401 1543 4472 in
1569 4400 1669 4474 bonis
1690 4399 1757 4471 iliis
1782 4397 1969 4492 inquietare

557 4531 733 4617 presumat
762 4533 822 4598 ant
852 4524 1042 4621 dompnum
1073 4526 1175 4600 vobis
1194 4527 1359 4622 irrogare.
1382 4525 1484 4613 Quod
1505 4525 1568 4620 qui
1593 4525 1728 4616 iecerit,
1754 4519 1971 4596 sublimitatis

560 4655 675 4720 nostre
687 4647 853 4724 otiensam
868 4659 902 4723 et
916 4671 1058 4745 gravem
1071 4651 1158 4726 irem
1174 4673 1212 4728 se
1228 4651 1362 4728 noverit
1373 4651 1606 4726 incursurum.
