<?xml version="1.0" encoding="UTF-8"?>
<!DOCTYPE html PUBLIC "-//W3C//DTD XHTML 1.0 Transitional//EN"
    "http://www.w3.org/TR/xhtml1/DTD/xhtml1-transitional.dtd">
<html xmlns="http://www.w3.org/1999/xhtml" xml:lang="en" lang="en">
 <head>
  <title>
</title>
<meta http-equiv="Content-Type" content="text/html;charset=utf-8" />
  <meta name='ocr-system' content='tesseract 3.04.00' />
  <meta name='ocr-capabilities' content='ocr_page ocr_carea ocr_par ocr_line ocrx_word'/>
</head>
<body>
  <div class='ocr_page' id='page_1' title='image "./historiadiploma06fredgoog_0313.png"; bbox 0 0 4382 5946; ppageno 0'>
   <div class='ocr_carea' id='block_1_1' title="bbox 378 1143 515 1242">
    <p class='ocr_par' dir='ltr' id='par_1_1' title="bbox 378 1143 515 1242">
     <span class='ocr_line' id='line_1_1' title="bbox 378 1143 515 1200; baseline 0 -12"><span class='ocrx_word' id='word_1_1' title='bbox 378 1143 515 1200; x_wconf 60' lang='lat' dir='ltr'>Bagauna,</span> 
     </span>
     <span class='ocr_line' id='line_1_2' title="bbox 390 1200 505 1242; baseline 0.009 -1"><span class='ocrx_word' id='word_1_2' title='bbox 390 1200 416 1241; x_wconf 83' lang='lat'>12</span> <span class='ocrx_word' id='word_1_3' title='bbox 424 1201 505 1242; x_wconf 73' lang='lat' dir='ltr'>mulli.</span> 
     </span>
    </p>
   </div>
   <div class='ocr_carea' id='block_1_2' title="bbox 1061 557 1971 648">
    <p class='ocr_par' dir='ltr' id='par_1_2' title="bbox 1061 557 1971 648">
     <span class='ocr_line' id='line_1_3' title="bbox 1061 557 1971 648; baseline 0.015 -28"><span class='ocrx_word' id='word_1_4' title='bbox 1061 557 1275 626; x_wconf 78' lang='lat' dir='ltr'>rulnuulc&#39;l</span> <span class='ocrx_word' id='word_1_5' title='bbox 1303 563 1478 628; x_wconf 74' lang='lat' dir='ltr'>suerunt</span> <span class='ocrx_word' id='word_1_6' title='bbox 1779 570 1865 648; x_wconf 76' lang='lat' dir='ltr'>[bur.</span> <span class='ocrx_word' id='word_1_7' title='bbox 1885 570 1971 634; x_wconf 74' lang='lat'>1214.</span> 
     </span>
    </p>
   </div>
   <div class='ocr_carea' id='block_1_3' title="bbox 1612 859 1738 870">
    <p class='ocr_par' dir='ltr' id='par_1_3' title="bbox 1612 859 1738 870">
     <span class='ocr_line' id='line_1_4' title="bbox 1612 859 1738 870; baseline 0.016 -2"><span class='ocrx_word' id='word_1_8' title='bbox 1612 859 1738 870; x_wconf 64' lang='grc' dir='ltr'>ιμυσ-ι-ι-ο</span> 
     </span>
    </p>
   </div>
   <div class='ocr_carea' id='block_1_4' title="bbox 559 1130 1970 1646">
    <p class='ocr_par' dir='ltr' id='par_1_4' title="bbox 559 1130 1970 1646">
     <span class='ocr_line' id='line_1_5' title="bbox 615 1130 1970 1242; baseline 0.007 -28"><span class='ocrx_word' id='word_1_9' title='bbox 615 1131 845 1238; x_wconf 80' lang='lat' dir='ltr'>Fridericus,</span> <span class='ocrx_word' id='word_1_10' title='bbox 865 1130 1126 1214; x_wconf 88' lang='lat' dir='ltr'>Romanorum</span> <span class='ocrx_word' id='word_1_11' title='bbox 1147 1156 1233 1238; x_wconf 86' lang='lat' dir='ltr'>rex,</span> <span class='ocrx_word' id='word_1_12' title='bbox 1253 1131 1525 1214; x_wconf 90' lang='lat' dir='ltr'>monasterium</span> <span class='ocrx_word' id='word_1_13' title='bbox 1550 1133 1776 1242; x_wconf 85' lang='lat' dir='ltr'>Portaeceli,</span> <span class='ocrx_word' id='word_1_14' title='bbox 1794 1147 1908 1222; x_wconf 72' lang='lat' dir='ltr'>suma</span> <span class='ocrx_word' id='word_1_15' title='bbox 1923 1141 1970 1223; x_wconf 94' lang='lat' dir='ltr'>de</span> 
     </span>
     <span class='ocr_line' id='line_1_6' title="bbox 562 1262 1967 1381; baseline 0.003 -33"><span class='ocrx_word' id='word_1_16' title='bbox 562 1265 786 1348; x_wconf 87' lang='lat' dir='ltr'>Tenuebach</span> <span class='ocrx_word' id='word_1_17' title='bbox 813 1275 1015 1370; x_wconf 81' lang='lat' dir='ltr'>vocatum,</span> <span class='ocrx_word' id='word_1_18' title='bbox 1040 1262 1113 1346; x_wconf 91' lang='lat' dir='ltr'>sub</span> <span class='ocrx_word' id='word_1_19' title='bbox 1145 1263 1347 1372; x_wconf 80' lang='lat' dir='ltr'><strong>specialem</strong></span> <span class='ocrx_word' id='word_1_20' title='bbox 1376 1265 1647 1374; x_wconf 88' lang='lat' dir='ltr'>protectionem</span> <span class='ocrx_word' id='word_1_21' title='bbox 1678 1293 1788 1350; x_wconf 90' lang='lat' dir='ltr'>suam</span> <span class='ocrx_word' id='word_1_22' title='bbox 1818 1271 1967 1381; x_wconf 79' lang='lat' dir='ltr'>recipit,</span> 
     </span>
     <span class='ocr_line' id='line_1_7' title="bbox 560 1397 1969 1510; baseline 0.003 -26"><span class='ocrx_word' id='word_1_23' title='bbox 560 1401 670 1510; x_wconf 92' lang='lat' dir='ltr'>eique</span> <span class='ocrx_word' id='word_1_24' title='bbox 687 1398 887 1482; x_wconf 89' lang='lat' dir='ltr'>confirmat</span> <span class='ocrx_word' id='word_1_25' title='bbox 908 1397 1108 1508; x_wconf 75' lang='lat' dir='ltr'>praedium</span> <span class='ocrx_word' id='word_1_26' title='bbox 1129 1397 1178 1479; x_wconf 91' lang='lat' dir='ltr'>de</span> <span class='ocrx_word' id='word_1_27' title='bbox 1204 1397 1437 1506; x_wconf 84' lang='lat' dir='ltr'>lluudingen</span> <span class='ocrx_word' id='word_1_28' title='bbox 1456 1423 1544 1480; x_wconf 89' lang='lat' dir='ltr'>cum</span> <span class='ocrx_word' id='word_1_29' title='bbox 1562 1399 1787 1508; x_wconf 79' lang='lat' dir='ltr'>appenditiis</span> <span class='ocrx_word' id='word_1_30' title='bbox 1806 1404 1885 1486; x_wconf 91' lang='lat' dir='ltr'>suis</span> <span class='ocrx_word' id='word_1_31' title='bbox 1903 1431 1969 1488; x_wconf 90' lang='lat' dir='ltr'>uec</span> 
     </span>
     <span class='ocr_line' id='line_1_8' title="bbox 559 1531 1965 1646; baseline 0.004 -32"><span class='ocrx_word' id='word_1_32' title='bbox 559 1559 636 1616; x_wconf 89' lang='lat' dir='ltr'>nen</span> <span class='ocrx_word' id='word_1_33' title='bbox 655 1544 692 1618; x_wconf 92' lang='lat' dir='ltr'>et</span> <span class='ocrx_word' id='word_1_34' title='bbox 708 1533 837 1616; x_wconf 91' lang='lat' dir='ltr'>omnia</span> <span class='ocrx_word' id='word_1_35' title='bbox 855 1557 955 1642; x_wconf 92' lang='lat' dir='ltr'>quae</span> <span class='ocrx_word' id='word_1_36' title='bbox 977 1531 1079 1642; x_wconf 83' lang='lat' dir='ltr'>juste</span> <span class='ocrx_word' id='word_1_37' title='bbox 1105 1531 1273 1641; x_wconf 83' lang='lat' dir='ltr'>possidet</span> <span class='ocrx_word' id='word_1_38' title='bbox 1293 1541 1361 1616; x_wconf 92' lang='lat' dir='ltr'>aut</span> <span class='ocrx_word' id='word_1_39' title='bbox 1382 1531 1422 1613; x_wconf 93' lang='lat' dir='ltr'>in</span> <span class='ocrx_word' id='word_1_40' title='bbox 1445 1531 1618 1616; x_wconf 84' lang='lat' dir='ltr'>futurum</span> <span class='ocrx_word' id='word_1_41' title='bbox 1641 1535 1798 1644; x_wconf 82' lang='lat' dir='ltr'>adipisci</span> <span class='ocrx_word' id='word_1_42' title='bbox 1819 1539 1965 1646; x_wconf 84' lang='lat' dir='ltr'>poterit.</span> 
     </span>
    </p>
   </div>
   <div class='ocr_carea' id='block_1_5' title="bbox 641 1776 1967 2073">
    <p class='ocr_par' dir='ltr' id='par_1_5' title="bbox 641 1776 1967 2073">
     <span class='ocr_line' id='line_1_9' title="bbox 641 1776 1967 1858; baseline 0.002 -18"><span class='ocrx_word' id='word_1_43' title='bbox 641 1779 767 1858; x_wconf 84' lang='lat' dir='ltr'>(laedit.</span> <span class='ocrx_word' id='word_1_44' title='bbox 792 1795 831 1839; x_wconf 80' lang='lat' dir='ltr'>ex</span> <span class='ocrx_word' id='word_1_45' title='bbox 863 1776 931 1840; x_wconf 86' lang='lat' dir='ltr'>eod.</span> <span class='ocrx_word' id='word_1_46' title='bbox 954 1777 1054 1838; x_wconf 81' lang='lat' dir='ltr'>tradlt.</span> <span class='ocrx_word' id='word_1_47' title='bbox 1080 1783 1209 1838; x_wconf 79' lang='lat' dir='ltr'>monast</span> <span class='ocrx_word' id='word_1_48' title='bbox 1232 1776 1471 1852; x_wconf 84' lang='lat' dir='ltr'>Tennbaecusls,</span> <span class='ocrx_word' id='word_1_49' title='bbox 1495 1777 1548 1838; x_wconf 90' lang='lat' dir='ltr'>lol.</span> <span class='ocrx_word' id='word_1_50' title='bbox 1574 1786 1760 1854; x_wconf 69' lang='lat' dir='ltr'>traverso,</span> <span class='ocrx_word' id='word_1_51' title='bbox 1786 1781 1818 1840; x_wconf 88' lang='lat' dir='ltr'>iu</span> <span class='ocrx_word' id='word_1_52' title='bbox 1850 1781 1967 1842; x_wconf 82' lang='lat' dir='ltr'>arrblro</span> 
     </span>
     <span class='ocr_line' id='line_1_10' title="bbox 677 1881 1965 1963; baseline 0.002 -17"><span class='ocrx_word' id='word_1_53' title='bbox 677 1885 831 1946; x_wconf 88' lang='lat' dir='ltr'>Karlsruh.</span> <span class='ocrx_word' id='word_1_54' title='bbox 848 1884 894 1946; x_wconf 88' lang='lat' dir='ltr'>Cl.</span> <span class='ocrx_word' id='word_1_55' title='bbox 911 1885 1037 1946; x_wconf 80' lang='lat' dir='ltr'>Msnmn</span> <span class='ocrx_word' id='word_1_56' title='bbox 1053 1881 1219 1963; x_wconf 79' lang='lat' dir='ltr'>(lbnmn),</span> <span class='ocrx_word' id='word_1_57' title='bbox 1232 1882 1354 1944; x_wconf 72' lang='lat' dir='ltr'>nostru</span> <span class='ocrx_word' id='word_1_58' title='bbox 1374 1900 1474 1962; x_wconf 78' lang='lat' dir='ltr'>sacra,</span> <span class='ocrx_word' id='word_1_59' title='bbox 1488 1889 1513 1944; x_wconf 91' lang='lat' dir='ltr'>t.</span> <span class='ocrx_word' id='word_1_60' title='bbox 1528 1883 1559 1960; x_wconf 92' lang='lat'>1,</span> <span class='ocrx_word' id='word_1_61' title='bbox 1575 1901 1606 1962; x_wconf 91' lang='lat' dir='ltr'>p.</span> <span class='ocrx_word' id='word_1_62' title='bbox 1623 1893 1692 1960; x_wconf 80' lang='lat' dir='ltr'>tot,</span> <span class='ocrx_word' id='word_1_63' title='bbox 1712 1891 1742 1946; x_wconf 89' lang='lat' dir='ltr'>ct</span> <span class='ocrx_word' id='word_1_64' title='bbox 1763 1885 1965 1962; x_wconf 80' lang='lat' dir='ltr'>Suuosrmr,</span> 
     </span>
     <span class='ocr_line' id='line_1_11' title="bbox 673 1987 1329 2073; baseline -0.002 -21"><span class='ocrx_word' id='word_1_65' title='bbox 673 1991 787 2053; x_wconf 70' lang='lat' dir='ltr'>autor.</span> <span class='ocrx_word' id='word_1_66' title='bbox 803 1987 1098 2073; x_wconf 75' lang='lat' dir='ltr'>ZartngoBadenria,</span> <span class='ocrx_word' id='word_1_67' title='bbox 1114 1997 1138 2052; x_wconf 84' lang='lat' dir='ltr'>t.</span> <span class='ocrx_word' id='word_1_68' title='bbox 1154 1991 1185 2066; x_wconf 92' lang='grc' dir='ltr'>Ι,</span> <span class='ocrx_word' id='word_1_69' title='bbox 1199 2007 1230 2068; x_wconf 90' lang='lat' dir='ltr'>p.</span> <span class='ocrx_word' id='word_1_70' title='bbox 1247 1989 1329 2070; x_wconf 77' lang='lat'>226.)</span> 
     </span>
    </p>
   </div>
   <div class='ocr_carea' id='block_1_6' title="bbox 558 2203 1968 2679">
    <p class='ocr_par' dir='ltr' id='par_1_6' title="bbox 558 2203 1968 2679">
     <span class='ocr_line' id='line_1_12' title="bbox 606 2203 1967 2283; baseline 0 -3"><span class='ocrx_word' id='word_1_71' title='bbox 606 2209 645 2280; x_wconf 95' lang='lat' dir='ltr'>lu</span> <span class='ocrx_word' id='word_1_72' title='bbox 673 2207 811 2280; x_wconf 92' lang='lat' dir='ltr'>nomine</span> <span class='ocrx_word' id='word_1_73' title='bbox 838 2213 954 2278; x_wconf 90' lang='lat' dir='ltr'>sancte</span> <span class='ocrx_word' id='word_1_74' title='bbox 981 2218 1015 2279; x_wconf 89' lang='lat' dir='ltr'>et</span> <span class='ocrx_word' id='word_1_75' title='bbox 1046 2203 1230 2278; x_wconf 87' lang='lat' dir='ltr'>individue</span> <span class='ocrx_word' id='word_1_76' title='bbox 1261 2203 1448 2277; x_wconf 82' lang='lat' dir='ltr'>Trinitatis.</span> <span class='ocrx_word' id='word_1_77' title='bbox 1478 2203 1673 2278; x_wconf 86' lang='lat' dir='ltr'>Fridericus</span> <span class='ocrx_word' id='word_1_78' title='bbox 1703 2205 1879 2280; x_wconf 90' lang='lat' dir='ltr'>secundus</span> <span class='ocrx_word' id='word_1_79' title='bbox 1907 2209 1967 2283; x_wconf 87' lang='lat' dir='ltr'>Dei</span> 
     </span>
     <span class='ocr_line' id='line_1_13' title="bbox 558 2329 1967 2429; baseline 0.003 -27"><span class='ocrx_word' id='word_1_80' title='bbox 558 2331 667 2427; x_wconf 84' lang='lat' dir='ltr'>gratia</span> <span class='ocrx_word' id='word_1_81' title='bbox 693 2331 926 2404; x_wconf 84' lang='lat' dir='ltr'>Romanorum</span> <span class='ocrx_word' id='word_1_82' title='bbox 950 2351 1032 2423; x_wconf 81' lang='lat' dir='ltr'>rex,</span> <span class='ocrx_word' id='word_1_83' title='bbox 1060 2349 1196 2426; x_wconf 89' lang='lat' dir='ltr'>semper</span> <span class='ocrx_word' id='word_1_84' title='bbox 1223 2339 1392 2424; x_wconf 89' lang='lat' dir='ltr'>augustus</span> <span class='ocrx_word' id='word_1_85' title='bbox 1417 2339 1452 2401; x_wconf 93' lang='lat' dir='ltr'>et</span> <span class='ocrx_word' id='word_1_86' title='bbox 1477 2350 1542 2402; x_wconf 83' lang='lat' dir='ltr'>rex</span> <span class='ocrx_word' id='word_1_87' title='bbox 1569 2329 1695 2404; x_wconf 89' lang='lat' dir='ltr'>Sicilie.</span> <span class='ocrx_word' id='word_1_88' title='bbox 1721 2331 1759 2402; x_wconf 94' lang='lat' dir='ltr'>ln</span> <span class='ocrx_word' id='word_1_89' title='bbox 1785 2345 1967 2429; x_wconf 87' lang='lat' dir='ltr'>conspectu</span> 
     </span>
     <span class='ocr_line' id='line_1_14' title="bbox 559 2454 1964 2552; baseline 0.001 -22"><span class='ocrx_word' id='word_1_90' title='bbox 559 2456 733 2530; x_wconf 88' lang='lat' dir='ltr'>dominice</span> <span class='ocrx_word' id='word_1_91' title='bbox 755 2455 944 2548; x_wconf 88' lang='lat' dir='ltr'>majestatis</span> <span class='ocrx_word' id='word_1_92' title='bbox 966 2454 1012 2529; x_wconf 91' lang='lat' dir='ltr'>de</span> <span class='ocrx_word' id='word_1_93' title='bbox 1031 2459 1132 2549; x_wconf 88' lang='lat' dir='ltr'>cujus</span> <span class='ocrx_word' id='word_1_94' title='bbox 1153 2477 1297 2528; x_wconf 90' lang='lat' dir='ltr'>munere</span> <span class='ocrx_word' id='word_1_95' title='bbox 1314 2455 1412 2528; x_wconf 88' lang='lat' dir='ltr'>veuit</span> <span class='ocrx_word' id='word_1_96' title='bbox 1432 2463 1472 2526; x_wconf 92' lang='lat' dir='ltr'>ut</span> <span class='ocrx_word' id='word_1_97' title='bbox 1489 2477 1568 2528; x_wconf 91' lang='lat' dir='ltr'>cum</span> <span class='ocrx_word' id='word_1_98' title='bbox 1592 2455 1752 2530; x_wconf 82' lang='lat' dir='ltr'>felicitate</span> <span class='ocrx_word' id='word_1_99' title='bbox 1769 2479 1964 2552; x_wconf 87' lang='lat' dir='ltr'>regnemus,</span> 
     </span>
     <span class='ocr_line' id='line_1_15' title="bbox 558 2579 1968 2679; baseline -0.001 -24"><span class='ocrx_word' id='word_1_100' title='bbox 558 2585 674 2676; x_wconf 90' lang='lat' dir='ltr'>aliqua</span> <span class='ocrx_word' id='word_1_101' title='bbox 700 2603 835 2676; x_wconf 88' lang='lat' dir='ltr'>semper</span> <span class='ocrx_word' id='word_1_102' title='bbox 857 2579 979 2655; x_wconf 85' lang='lat' dir='ltr'>otlerre</span> <span class='ocrx_word' id='word_1_103' title='bbox 1001 2582 1156 2654; x_wconf 87' lang='lat' dir='ltr'>volentes</span> <span class='ocrx_word' id='word_1_104' title='bbox 1178 2601 1247 2674; x_wconf 89' lang='lat' dir='ltr'>que</span> <span class='ocrx_word' id='word_1_105' title='bbox 1272 2581 1344 2654; x_wconf 88' lang='lat' dir='ltr'>Deo</span> <span class='ocrx_word' id='word_1_106' title='bbox 1371 2587 1469 2674; x_wconf 87' lang='lat' dir='ltr'>grata</span> <span class='ocrx_word' id='word_1_107' title='bbox 1490 2579 1681 2671; x_wconf 76' lang='lat' dir='ltr'>resideant,</span> <span class='ocrx_word' id='word_1_108' title='bbox 1702 2581 1872 2676; x_wconf 76' lang='lat' dir='ltr'>religiosis</span> <span class='ocrx_word' id='word_1_109' title='bbox 1897 2607 1968 2679; x_wconf 88' lang='lat' dir='ltr'>per-</span> 
     </span>
    </p>
   </div>
   <div class='ocr_carea' id='block_1_7' title="bbox 555 2828 2011 4796">
    <p class='ocr_par' dir='ltr' id='par_1_7' title="bbox 555 2828 2011 4796">
     <span class='ocr_line' id='line_1_16' title="bbox 559 2828 1964 2926; baseline 0 -22"><span class='ocrx_word' id='word_1_110' title='bbox 559 2831 670 2926; x_wconf 87' lang='lat' dir='ltr'>magis</span> <span class='ocrx_word' id='word_1_111' title='bbox 697 2829 958 2903; x_wconf 80' lang='lat' dir='ltr'>conversatione</span> <span class='ocrx_word' id='word_1_112' title='bbox 982 2829 1177 2922; x_wconf 85' lang='lat' dir='ltr'>gratissima</span> <span class='ocrx_word' id='word_1_113' title='bbox 1201 2829 1313 2902; x_wconf 90' lang='lat' dir='ltr'>Deum</span> <span class='ocrx_word' id='word_1_114' title='bbox 1337 2835 1525 2902; x_wconf 80' lang='lat' dir='ltr'>creatorem</span> <span class='ocrx_word' id='word_1_115' title='bbox 1553 2828 1707 2900; x_wconf 90' lang='lat' dir='ltr'>omnium</span> <span class='ocrx_word' id='word_1_116' title='bbox 1738 2841 1964 2920; x_wconf 87' lang='lat' dir='ltr'>venerantur,</span> 
     </span>
     <span class='ocr_line' id='line_1_17' title="bbox 559 2951 2011 3052; baseline 0.001 -26"><span class='ocrx_word' id='word_1_117' title='bbox 559 2977 658 3049; x_wconf 90' lang='lat' dir='ltr'>reges</span> <span class='ocrx_word' id='word_1_118' title='bbox 676 2953 722 3028; x_wconf 95' lang='lat' dir='ltr'>ad</span> <span class='ocrx_word' id='word_1_119' title='bbox 736 2952 905 3027; x_wconf 86' lang='lat' dir='ltr'>beneficia</span> <span class='ocrx_word' id='word_1_120' title='bbox 922 2959 1112 3048; x_wconf 87' lang='lat' dir='ltr'>provocant</span> <span class='ocrx_word' id='word_1_121' title='bbox 1127 2961 1162 3026; x_wconf 90' lang='lat' dir='ltr'>et</span> <span class='ocrx_word' id='word_1_122' title='bbox 1182 2951 1228 3026; x_wconf 95' lang='lat' dir='ltr'>ad</span> <span class='ocrx_word' id='word_1_123' title='bbox 1245 2953 1321 3044; x_wconf 90' lang='lat' dir='ltr'>ejus</span> <span class='ocrx_word' id='word_1_124' title='bbox 1338 2951 1545 3046; x_wconf 84' lang='lat' dir='ltr'>obsequium</span> <span class='ocrx_word' id='word_1_125' title='bbox 1564 2953 1747 3026; x_wconf 91' lang='lat' dir='ltr'>nonnullos</span> <span class='ocrx_word' id='word_1_126' title='bbox 1762 2955 1918 3028; x_wconf 91' lang='lat' dir='ltr'>alliciunt</span> <span class='ocrx_word' id='word_1_127' title='bbox 1933 2966 1966 3030; x_wconf 90' lang='lat' dir='ltr'>et</span> <span class='ocrx_word' id='word_1_128' title='bbox 2007 3047 2011 3052; x_wconf 19' lang='grc' dir='ltr'>Ι</span> 
     </span>
     <span class='ocr_line' id='line_1_18' title="bbox 559 3077 1965 3172; baseline 0.001 -20"><span class='ocrx_word' id='word_1_129' title='bbox 559 3081 718 3156; x_wconf 86' lang='lat' dir='ltr'>invitant.</span> <span class='ocrx_word' id='word_1_130' title='bbox 743 3077 828 3150; x_wconf 90' lang='lat' dir='ltr'>Cum</span> <span class='ocrx_word' id='word_1_131' title='bbox 846 3097 929 3171; x_wconf 87' lang='lat' dir='ltr'>ergo</span> <span class='ocrx_word' id='word_1_132' title='bbox 947 3077 993 3150; x_wconf 92' lang='lat' dir='ltr'>ob</span> <span class='ocrx_word' id='word_1_133' title='bbox 1015 3077 1242 3150; x_wconf 88' lang='lat' dir='ltr'>reverentiam</span> <span class='ocrx_word' id='word_1_134' title='bbox 1259 3077 1363 3170; x_wconf 83' lang='lat' dir='ltr'>Regis</span> <span class='ocrx_word' id='word_1_135' title='bbox 1384 3097 1506 3170; x_wconf 86' lang='lat' dir='ltr'>regum</span> <span class='ocrx_word' id='word_1_136' title='bbox 1526 3077 1601 3152; x_wconf 84' lang='lat' dir='ltr'>loca</span> <span class='ocrx_word' id='word_1_137' title='bbox 1625 3077 1785 3172; x_wconf 82' lang='lat' dir='ltr'>religiosa</span> <span class='ocrx_word' id='word_1_138' title='bbox 1806 3081 1965 3155; x_wconf 87' lang='lat' dir='ltr'>conside·</span> 
     </span>
     <span class='ocr_line' id='line_1_19' title="bbox 561 3201 1964 3300; baseline -0.001 -22"><span class='ocrx_word' id='word_1_139' title='bbox 561 3205 689 3278; x_wconf 86' lang='lat' dir='ltr'>ratione</span> <span class='ocrx_word' id='word_1_140' title='bbox 711 3203 768 3300; x_wconf 85' lang='lat' dir='ltr'>pia</span> <span class='ocrx_word' id='word_1_141' title='bbox 790 3201 988 3298; x_wconf 81' lang='lat' dir='ltr'>conspicere</span> <span class='ocrx_word' id='word_1_142' title='bbox 1009 3212 1045 3274; x_wconf 90' lang='lat' dir='ltr'>et</span> <span class='ocrx_word' id='word_1_143' title='bbox 1063 3201 1217 3298; x_wconf 86' lang='lat' dir='ltr'>aspicere</span> <span class='ocrx_word' id='word_1_144' title='bbox 1239 3209 1431 3290; x_wconf 85' lang='lat' dir='ltr'>teneamur,</span> <span class='ocrx_word' id='word_1_145' title='bbox 1458 3201 1620 3274; x_wconf 90' lang='lat' dir='ltr'>omnibus</span> <span class='ocrx_word' id='word_1_146' title='bbox 1647 3203 1784 3298; x_wconf 80' lang='lat' dir='ltr'>imperii</span> <span class='ocrx_word' id='word_1_147' title='bbox 1805 3202 1964 3278; x_wconf 84' lang='lat' dir='ltr'>fidelibus</span> 
     </span>
     <span class='ocr_line' id='line_1_20' title="bbox 559 3324 1963 3425; baseline -0.002 -20"><span class='ocrx_word' id='word_1_148' title='bbox 559 3341 628 3405; x_wconf 93' lang='lat' dir='ltr'>tam</span> <span class='ocrx_word' id='word_1_149' title='bbox 659 3327 875 3425; x_wconf 83' lang='lat' dir='ltr'>presentibus</span> <span class='ocrx_word' id='word_1_150' title='bbox 905 3347 1011 3421; x_wconf 89' lang='lat' dir='ltr'>quam</span> <span class='ocrx_word' id='word_1_151' title='bbox 1038 3325 1164 3398; x_wconf 86' lang='lat' dir='ltr'>futuris</span> <span class='ocrx_word' id='word_1_152' title='bbox 1188 3324 1358 3400; x_wconf 82' lang='lat' dir='ltr'>duximus</span> <span class='ocrx_word' id='word_1_153' title='bbox 1379 3324 1626 3400; x_wconf 90' lang='lat' dir='ltr'>declarandum</span> <span class='ocrx_word' id='word_1_154' title='bbox 1650 3325 1745 3422; x_wconf 88' lang='lat' dir='ltr'>quod</span> <span class='ocrx_word' id='word_1_155' title='bbox 1767 3349 1830 3402; x_wconf 90' lang='lat' dir='ltr'>uos</span> <span class='ocrx_word' id='word_1_156' title='bbox 1857 3337 1963 3402; x_wconf 86' lang='lat' dir='ltr'>atten-</span> 
     </span>
     <span class='ocr_line' id='line_1_21' title="bbox 559 3449 1965 3550; baseline -0.003 -20"><span class='ocrx_word' id='word_1_157' title='bbox 559 3455 680 3530; x_wconf 88' lang='lat' dir='ltr'>dentes</span> <span class='ocrx_word' id='word_1_158' title='bbox 701 3453 865 3550; x_wconf 89' lang='lat' dir='ltr'>precipue</span> <span class='ocrx_word' id='word_1_159' title='bbox 886 3452 1055 3525; x_wconf 86' lang='lat' dir='ltr'>lervorcm</span> <span class='ocrx_word' id='word_1_160' title='bbox 1076 3449 1253 3544; x_wconf 79' lang='lat' dir='ltr'>religionis</span> <span class='ocrx_word' id='word_1_161' title='bbox 1271 3449 1332 3544; x_wconf 94' lang='lat' dir='ltr'>qui</span> <span class='ocrx_word' id='word_1_162' title='bbox 1354 3450 1391 3522; x_wconf 92' lang='lat' dir='ltr'>in</span> <span class='ocrx_word' id='word_1_163' title='bbox 1413 3471 1511 3525; x_wconf 88' lang='lat' dir='ltr'>sacro</span> <span class='ocrx_word' id='word_1_164' title='bbox 1536 3452 1742 3526; x_wconf 87' lang='lat' dir='ltr'>monasterio</span> <span class='ocrx_word' id='word_1_165' title='bbox 1758 3451 1855 3548; x_wconf 91' lang='lat' dir='ltr'>quod</span> <span class='ocrx_word' id='word_1_166' title='bbox 1871 3454 1965 3527; x_wconf 90' lang='lat' dir='ltr'>Porta</span> 
     </span>
     <span class='ocr_line' id='line_1_22' title="bbox 556 3574 1964 3673; baseline 0.002 -24"><span class='ocrx_word' id='word_1_167' title='bbox 556 3577 627 3650; x_wconf 87' lang='lat' dir='ltr'>Celi</span> <span class='ocrx_word' id='word_1_168' title='bbox 651 3577 776 3650; x_wconf 90' lang='lat' dir='ltr'>dicitur</span> <span class='ocrx_word' id='word_1_169' title='bbox 800 3587 836 3650; x_wconf 91' lang='lat' dir='ltr'>et</span> <span class='ocrx_word' id='word_1_170' title='bbox 854 3585 955 3650; x_wconf 89' lang='lat' dir='ltr'>autea</span> <span class='ocrx_word' id='word_1_171' title='bbox 980 3574 1184 3648; x_wconf 85' lang='lat' dir='ltr'>Teunebach</span> <span class='ocrx_word' id='word_1_172' title='bbox 1203 3575 1405 3664; x_wconf 81' lang='lat' dir='ltr'>vocabatur,</span> <span class='ocrx_word' id='word_1_173' title='bbox 1428 3595 1489 3672; x_wconf 88' lang='lat' dir='ltr'>per</span> <span class='ocrx_word' id='word_1_174' title='bbox 1511 3575 1670 3650; x_wconf 82' lang='lat' dir='ltr'>effectum</span> <span class='ocrx_word' id='word_1_175' title='bbox 1691 3577 1805 3673; x_wconf 88' lang='lat' dir='ltr'>operis</span> <span class='ocrx_word' id='word_1_176' title='bbox 1822 3577 1964 3652; x_wconf 89' lang='lat' dir='ltr'>Domino</span> 
     </span>
     <span class='ocr_line' id='line_1_23' title="bbox 558 3700 1965 3800; baseline 0.002 -26"><span class='ocrx_word' id='word_1_177' title='bbox 558 3701 756 3788; x_wconf 82' lang='lat' dir='ltr'>exhibetur,</span> <span class='ocrx_word' id='word_1_178' title='bbox 779 3708 818 3771; x_wconf 90' lang='lat' dir='ltr'>ut</span> <span class='ocrx_word' id='word_1_179' title='bbox 844 3709 960 3774; x_wconf 91' lang='lat' dir='ltr'>nostre</span> <span class='ocrx_word' id='word_1_180' title='bbox 987 3700 1211 3794; x_wconf 79' lang='lat' dir='ltr'>benignitatis</span> <span class='ocrx_word' id='word_1_181' title='bbox 1238 3702 1391 3774; x_wconf 85' lang='lat' dir='ltr'>savorem</span> <span class='ocrx_word' id='word_1_182' title='bbox 1406 3709 1583 3794; x_wconf 89' lang='lat' dir='ltr'>agnoscat,</span> <span class='ocrx_word' id='word_1_183' title='bbox 1610 3700 1704 3774; x_wconf 91' lang='lat' dir='ltr'>illius</span> <span class='ocrx_word' id='word_1_184' title='bbox 1729 3701 1854 3776; x_wconf 91' lang='lat' dir='ltr'>iutuitu</span> <span class='ocrx_word' id='word_1_185' title='bbox 1873 3701 1965 3800; x_wconf 89' lang='lat' dir='ltr'>apud</span> 
     </span>
     <span class='ocr_line' id='line_1_24' title="bbox 557 3823 1964 3923; baseline 0.003 -26"><span class='ocrx_word' id='word_1_186' title='bbox 557 3845 662 3919; x_wconf 92' lang='lat' dir='ltr'>quem</span> <span class='ocrx_word' id='word_1_187' title='bbox 680 3845 745 3897; x_wconf 92' lang='lat' dir='ltr'>uec</span> <span class='ocrx_word' id='word_1_188' title='bbox 762 3823 923 3897; x_wconf 90' lang='lat' dir='ltr'>meritum</span> <span class='ocrx_word' id='word_1_189' title='bbox 942 3823 1075 3920; x_wconf 85' lang='lat' dir='ltr'>deperit</span> <span class='ocrx_word' id='word_1_190' title='bbox 1094 3845 1159 3898; x_wconf 90' lang='lat' dir='ltr'>nec</span> <span class='ocrx_word' id='word_1_191' title='bbox 1176 3824 1365 3920; x_wconf 82' lang='lat' dir='ltr'>quicquam</span> <span class='ocrx_word' id='word_1_192' title='bbox 1379 3824 1665 3898; x_wconf 90' lang='lat' dir='ltr'>irremuneratum</span> <span class='ocrx_word' id='word_1_193' title='bbox 1678 3825 1896 3921; x_wconf 89' lang='lat' dir='ltr'>relinquitur,</span> <span class='ocrx_word' id='word_1_194' title='bbox 1906 3847 1964 3923; x_wconf 87' lang='lat' dir='ltr'>pm</span> 
     </span>
     <span class='ocr_line' id='line_1_25' title="bbox 556 3947 1963 4046; baseline 0 -24"><span class='ocrx_word' id='word_1_195' title='bbox 556 3949 712 4024; x_wconf 90' lang='lat' dir='ltr'>remedio</span> <span class='ocrx_word' id='word_1_196' title='bbox 736 3969 876 4043; x_wconf 91' lang='lat' dir='ltr'>qnoque</span> <span class='ocrx_word' id='word_1_197' title='bbox 900 3947 1094 4021; x_wconf 90' lang='lat' dir='ltr'>animarum</span> <span class='ocrx_word' id='word_1_198' title='bbox 1118 3957 1301 4043; x_wconf 89' lang='lat' dir='ltr'>parentum</span> <span class='ocrx_word' id='word_1_199' title='bbox 1322 3957 1514 4022; x_wconf 82' lang='lat' dir='ltr'>nostrorum</span> <span class='ocrx_word' id='word_1_200' title='bbox 1539 3950 1598 4046; x_wconf 92' lang='lat' dir='ltr'>pie</span> <span class='ocrx_word' id='word_1_201' title='bbox 1618 3950 1783 4024; x_wconf 85' lang='lat' dir='ltr'>memorie</span> <span class='ocrx_word' id='word_1_202' title='bbox 1807 3950 1963 4026; x_wconf 85' lang='lat' dir='ltr'>divorum</span> 
     </span>
     <span class='ocr_line' id='line_1_26' title="bbox 555 4071 1963 4170; baseline 0.002 -22"><span class='ocrx_word' id='word_1_203' title='bbox 555 4083 782 4170; x_wconf 87' lang='lat' dir='ltr'>augustorum</span> <span class='ocrx_word' id='word_1_204' title='bbox 808 4079 843 4146; x_wconf 89' lang='lat' dir='ltr'>et</span> <span class='ocrx_word' id='word_1_205' title='bbox 867 4071 914 4146; x_wconf 91' lang='lat' dir='ltr'>ad</span> <span class='ocrx_word' id='word_1_206' title='bbox 944 4072 1149 4146; x_wconf 89' lang='lat' dir='ltr'>instanciam</span> <span class='ocrx_word' id='word_1_207' title='bbox 1178 4072 1295 4146; x_wconf 93' lang='lat' dir='ltr'>dilecti</span> <span class='ocrx_word' id='word_1_208' title='bbox 1325 4073 1573 4169; x_wconf 79' lang='lat' dir='ltr'>consanguinei</span> <span class='ocrx_word' id='word_1_209' title='bbox 1600 4075 1707 4148; x_wconf 88' lang='lat' dir='ltr'>nostri</span> <span class='ocrx_word' id='word_1_210' title='bbox 1738 4075 1779 4147; x_wconf 90' lang='lat' dir='ltr'>B.</span> <span class='ocrx_word' id='word_1_211' title='bbox 1811 4075 1963 4169; x_wconf 89' lang='lat' dir='ltr'>ejusdem</span> 
     </span>
     <span class='ocr_line' id='line_1_27' title="bbox 557 4196 1966 4296; baseline 0.001 -25"><span class='ocrx_word' id='word_1_212' title='bbox 557 4197 755 4272; x_wconf 87' lang='lat' dir='ltr'>monasterii</span> <span class='ocrx_word' id='word_1_213' title='bbox 771 4196 923 4290; x_wconf 87' lang='lat' dir='ltr'>abbatis,</span> <span class='ocrx_word' id='word_1_214' title='bbox 943 4197 1130 4294; x_wconf 90' lang='lat' dir='ltr'>recipimus</span> <span class='ocrx_word' id='word_1_215' title='bbox 1149 4198 1264 4296; x_wconf 89' lang='lat' dir='ltr'>ipsum</span> <span class='ocrx_word' id='word_1_216' title='bbox 1286 4199 1531 4274; x_wconf 88' lang='lat' dir='ltr'>monasterium</span> <span class='ocrx_word' id='word_1_217' title='bbox 1555 4221 1635 4272; x_wconf 89' lang='lat' dir='ltr'>cum</span> <span class='ocrx_word' id='word_1_218' title='bbox 1658 4201 1819 4274; x_wconf 89' lang='lat' dir='ltr'>omnibus</span> <span class='ocrx_word' id='word_1_219' title='bbox 1838 4201 1966 4276; x_wconf 90' lang='lat' dir='ltr'>manci·</span> 
     </span>
     <span class='ocr_line' id='line_1_28' title="bbox 556 4319 1965 4420; baseline 0.003 -26"><span class='ocrx_word' id='word_1_220' title='bbox 556 4323 624 4420; x_wconf 90' lang='lat' dir='ltr'>piis</span> <span class='ocrx_word' id='word_1_221' title='bbox 649 4322 722 4395; x_wconf 91' lang='lat' dir='ltr'>suis</span> <span class='ocrx_word' id='word_1_222' title='bbox 749 4329 784 4394; x_wconf 90' lang='lat' dir='ltr'>et</span> <span class='ocrx_word' id='word_1_223' title='bbox 811 4319 1089 4418; x_wconf 89' lang='lat' dir='ltr'>possessionibus</span> <span class='ocrx_word' id='word_1_224' title='bbox 1115 4320 1182 4395; x_wconf 92' lang='lat' dir='ltr'>sub</span> <span class='ocrx_word' id='word_1_225' title='bbox 1210 4321 1394 4417; x_wconf 90' lang='lat' dir='ltr'>specialem</span> <span class='ocrx_word' id='word_1_226' title='bbox 1424 4323 1520 4418; x_wconf 84' lang='lat' dir='ltr'>regie</span> <span class='ocrx_word' id='word_1_227' title='bbox 1551 4323 1802 4416; x_wconf 76' lang='lat' dir='ltr'>magnitudinis</span> <span class='ocrx_word' id='word_1_228' title='bbox 1832 4333 1965 4420; x_wconf 88' lang='lat' dir='ltr'>protec-</span> 
     </span>
     <span class='ocr_line' id='line_1_29' title="bbox 557 4445 1964 4540; baseline 0.002 -21"><span class='ocrx_word' id='word_1_229' title='bbox 557 4448 704 4538; x_wconf 79' lang='lat' dir='ltr'>tionem3</span> <span class='ocrx_word' id='word_1_230' title='bbox 725 4445 770 4518; x_wconf 90' lang='lat' dir='ltr'>de</span> <span class='ocrx_word' id='word_1_231' title='bbox 785 4447 895 4540; x_wconf 89' lang='lat' dir='ltr'>gratia</span> <span class='ocrx_word' id='word_1_232' title='bbox 913 4445 1105 4520; x_wconf 89' lang='lat' dir='ltr'>serenitatis</span> <span class='ocrx_word' id='word_1_233' title='bbox 1119 4455 1235 4520; x_wconf 91' lang='lat' dir='ltr'>nostre</span> <span class='ocrx_word' id='word_1_234' title='bbox 1252 4447 1419 4540; x_wconf 86' lang='lat' dir='ltr'>jamdicto</span> <span class='ocrx_word' id='word_1_235' title='bbox 1436 4448 1644 4522; x_wconf 88' lang='lat' dir='ltr'>monasterio</span> <span class='ocrx_word' id='word_1_236' title='bbox 1664 4457 1700 4521; x_wconf 89' lang='lat' dir='ltr'>et</span> <span class='ocrx_word' id='word_1_237' title='bbox 1716 4449 1878 4523; x_wconf 81' lang='lat' dir='ltr'>tratribus</span> <span class='ocrx_word' id='word_1_238' title='bbox 1896 4450 1964 4522; x_wconf 91' lang='lat' dir='ltr'>illic</span> 
     </span>
     <span class='ocr_line' id='line_1_30' title="bbox 556 4569 1964 4670; baseline 0 -26"><span class='ocrx_word' id='word_1_239' title='bbox 556 4573 627 4644; x_wconf 89' lang='lat' dir='ltr'>Deo</span> <span class='ocrx_word' id='word_1_240' title='bbox 650 4569 874 4644; x_wconf 86' lang='lat' dir='ltr'>militantibus</span> <span class='ocrx_word' id='word_1_241' title='bbox 895 4569 1034 4660; x_wconf 86' lang='lat' dir='ltr'>dantes,</span> <span class='ocrx_word' id='word_1_242' title='bbox 1057 4569 1287 4645; x_wconf 87' lang='lat' dir='ltr'>concedentes</span> <span class='ocrx_word' id='word_1_243' title='bbox 1308 4579 1414 4667; x_wconf 90' lang='lat' dir='ltr'>atque</span> <span class='ocrx_word' id='word_1_244' title='bbox 1436 4570 1676 4648; x_wconf 80' lang='lat' dir='ltr'>confirmantes</span> <span class='ocrx_word' id='word_1_245' title='bbox 1699 4572 1737 4644; x_wconf 90' lang='lat' dir='ltr'>in</span> <span class='ocrx_word' id='word_1_246' title='bbox 1760 4583 1964 4670; x_wconf 88' lang='lat' dir='ltr'>perpetuum</span> 
     </span>
     <span class='ocr_line' id='line_1_31' title="bbox 556 4694 1964 4796; baseline 0.004 -29"><span class='ocrx_word' id='word_1_247' title='bbox 556 4694 715 4792; x_wconf 91' lang='lat' dir='ltr'>predium</span> <span class='ocrx_word' id='word_1_248' title='bbox 739 4695 955 4790; x_wconf 86' lang='lat' dir='ltr'>Mundingeu</span> <span class='ocrx_word' id='word_1_249' title='bbox 981 4695 1077 4792; x_wconf 88' lang='lat' dir='ltr'>quod</span> <span class='ocrx_word' id='word_1_250' title='bbox 1101 4695 1194 4771; x_wconf 92' lang='lat' dir='ltr'>idem</span> <span class='ocrx_word' id='word_1_251' title='bbox 1219 4695 1464 4772; x_wconf 89' lang='lat' dir='ltr'>monasterium</span> <span class='ocrx_word' id='word_1_252' title='bbox 1489 4697 1535 4773; x_wconf 92' lang='lat' dir='ltr'>ab</span> <span class='ocrx_word' id='word_1_253' title='bbox 1561 4697 1799 4796; x_wconf 85' lang='lat' dir='ltr'>Hospitalariis</span> <span class='ocrx_word' id='word_1_254' title='bbox 1823 4719 1964 4796; x_wconf 89' lang='lat' dir='ltr'>eompa-</span> 
     </span>
    </p>
   </div>
   <div class='ocr_carea' id='block_1_8' title="bbox 0 0 2196 5942">
    <p class='ocr_par' dir='ltr' id='par_1_8' title="bbox 0 0 2196 5942">
     <span class='ocr_line' id='line_1_32' title="bbox 0 0 2196 5942; baseline 0 0"><span class='ocrx_word' id='word_1_255' title='bbox 0 0 2196 5942; x_wconf 95' lang='lat' dir='ltr'> </span> 
     </span>
    </p>
   </div>
  </div>
 </body>
</html>
