4382 5946
276 558 375 619 {norm
391 550 434 636 2]
722 545 917 608 HISTORIA
944 543 1235 608 DIPLOMATIGA.
1618 548 1679 610 30¹1

276 691 368 786 ipsas
392 693 585 784 spectantes
607 683 720 757 eidem
744 683 948 756 monasterio
972 680 1213 754 confirmamus
1240 689 1276 753 et
1298 681 1465 775 presentis
1481 683 1597 779 scripti
1615 709 1677 780 pa·

277 813 421 886 trucinio
437 807 702 883 communimus.
721 807 812 880 Nulli
829 827 912 902 ergo
928 806 1107 880 hominum
1124 815 1240 878 contra
1257 804 1348 878 hanc
1364 815 1479 880 nostre
1498 807 1679 883 confirma·

278 936 382 1012 tionis
402 937 565 1032 paginam
581 934 683 1006 liceat
699 953 787 1005 ausu
805 931 985 1004 temerario
1004 932 1134 1004 venire.
1155 929 1304 1016 Quodsi
1323 931 1449 1026 aliquis
1469 941 1588 1006 contra
1604 955 1681 1007 eam

281 1059 526 1156 presumpserit
554 1056 686 1152 aliquid
718 1063 937 1151 attemptare,
966 1063 1105 1127 centum
1132 1055 1237 1127 libras
1266 1055 1341 1128 auri
1368 1057 1556 1129 examinati
1585 1079 1683 1131 oom-

282 1193 400 1281 ponat,
421 1203 569 1278 quarum
588 1179 755 1254 medietas
773 1177 856 1252 fisco
874 1189 1009 1269 nostro,
1030 1179 1160 1272 reliqua
1178 1199 1263 1251 vero
1280 1178 1445 1251 medietas
1465 1179 1576 1274 passis
1593 1181 1685 1274 inju-

285 1309 371 1382 riam
387 1308 616 1404 persolvatur.
637 1303 692 1378 Ad
712 1303 816 1397 hujus
835 1304 938 1376 etium
955 1301 1005 1373 rei
1028 1301 1233 1396 perhennem
1253 1303 1471 1394 memoriam,
1492 1313 1686 1398 presentem

285 1433 447 1530 paginam
467 1429 634 1504 conscribi
645 1429 812 1522 jussimus
824 1437 860 1501 et
875 1427 1062 1520 maJestatis
1078 1437 1192 1500 nostre
1205 1427 1299 1499 huila
1317 1428 1524 1522 consignari.

334 1559 450 1630 Testes
472 1574 557 1628 vero
573 1551 679 1645 hujus
699 1551 749 1624 rei
767 1559 848 1624 sunt
864 1552 903 1623 B.
924 1551 1107 1647 episcopus
1125 1549 1194 1646 (ric)
1213 1549 1488 1637 Panormitauus,
1506 1551 1688 1647 episcopus

287 1677 554 1767 Policustrensis,
574 1677 610 1750 S.
627 1676 810 1773 episcopus
823 1673 1063 1770 augustensis,
1082 1675 1123 1748 U.
1144 1674 1252 1748 abhus
1267 1675 1381 1748 Sancti
1396 1675 1495 1768 Galli,
1515 1676 1558 1748 Η.
1580 1677 1688 1752 abbas

287 1803 472 1899 Augensis,
491 1803 600 1876 abbas
616 1799 915 1898 campidonensis,
938 1798 1115 1884 Conradns
1136 1808 1172 1872 et
1190 1798 1370 1872 Bertoldns
1383 1800 1489 1873 duces
1503 1799 1548 1874 de
1561 1799 1686 1894 Tecge,

290 1950 404 2004 comes
423 1928 556 2000 Utricus
574 1925 621 2000 de
637 1926 784 2020 Kiburg,
803 1945 917 1998 comos
930 1925 1109 1997 Heinricus
1128 1925 1173 1998 de
1188 1925 1310 2020 Berge,
1330 1924 1524 1997 Fridericus
1539 1926 1690 2000 marchio

290 2051 336 2128 de
352 2051 476 2146 Badin,
493 2049 670 2125 Gotiridus
683 2071 797 2124 comes
813 2049 858 2122 de
872 2047 1084 2142 Heliinstein,
1101 2049 1279 2122 Conradus
1293 2057 1327 2122 et
1339 2047 1534 2122 Fridericue
1551 2050 1692 2124 comites

290 2175 335 2250 de
355 2177 472 2263 Zolre,
491 2197 605 2250 comes
624 2175 735 2270 Egino
754 2183 790 2248 et
813 2195 928 2248 comes
951 2173 1156 2246 Bertholdus
1177 2173 1223 2246 de
1240 2173 1370 2266 Urach,
1391 2173 1525 2247 Utricus
1542 2183 1577 2247 et
1593 2175 1693 2248 Wei-

292 2302 409 2375 tharus
423 2300 469 2374 de
483 2299 638 2395 Ciiugen,
648 2297 853 2394 Rudolphus
864 2307 898 2372 et
907 2297 1079 2372 Amoldus
1091 2298 1136 2374 de
1145 2297 1316 2392 Warte,et
1328 2298 1387 2371 alii
1398 2298 1640 2396 quamplures(
1664 2299 1690 2396 ).

348 3135 574 3243 Fridericus,
588 3135 847 3220 Romanorum
864 3163 949 3242 rex,
967 3139 1172 3224 Chnnrado
1188 3140 1364 3252 episcopo
1376 3143 1586 3231 Brixinensi
1600 3149 1702 3260 ejus-

295 3294 373 3380 que
399 3267 678 3352 snocessoribus
702 3269 742 3351 in
769 3270 986 3380 episcopatu
1007 3297 1140 3355 eorum
1167 3275 1464 3384 argentifodinas
1481 3281 1700 3394 confirmat,

292 3399 376 3511 jum
395 3427 418 3483 a
435 3412 571 3512 patruo
589 3427 674 3510 suo,
689 3429 780 3512 rege
795 3403 984 3515 Philippo,
1001 3404 1077 3488 illis
1094 3431 1310 3517 concessas,
1328 3410 1411 3494 vult
1427 3421 1554 3498 tamen
1573 3416 1703 3528 etipse

298 3559 364 3618 rex
381 3535 421 3617 in
439 3534 683 3645 proventibus
702 3537 752 3619 ed
769 3537 939 3621 medium
955 3539 1192 3650 participare.

378 3723 516 3799 (Editum
535 3725 567 3785 in
583 3725 754 3806 Hennam,
771 3723 865 3790 doech
885 3724 997 3804 Tirols,
1011 3734 1035 3792 t.
1049 3729 1098 3806 11,
1113 3747 1145 3808 p.
1167 3739 1237 3808 nor,
1258 3741 1291 3795 ,p
1314 3742 1390 3812 444,
1411 3751 1450 3798 cx
1469 3739 1604 3818 originali
1622 3741 1703 3820 quud

416 3830 575 3908 uttquando
588 3832 737 3894 Monachti
754 3831 822 3907 tuit,
838 3841 868 3895 ct
880 3851 929 3913 ap.
944 3837 1068 3898 Monam.
1076 3839 1254 3914 Reiectum.
1265 3840 1400 3921 xxx,p.
1410 3852 1512 3920 21-22,
1523 3846 1699 3912 mecvm.

417 3936 514 4010 Lanu,
529 3935 664 4018 lioperto,
679 3945 703 4001 t.
717 3939 764 4019 ΙΙ,
775 3957 807 4018 p.
822 3948 873 4016 on,
887 3943 1040 4007 notaritv
1056 3944 1283 4024 kalendasjunti
1297 3946 1351 4027 (²8
1368 3949 1468 4032 mati),
1482 3969 1521 4014 ax
1531 3953 1701 4019 contusione

417 4043 508 4103 unius
519 4042 632 4104 litterae
639 4043 739 4124 ,jocii
750 4041 905 4128 projcttt)

337 4273 374 4350 (4)
392 4273 478 4333 Notae
490 4273 690 4351 chronologicae
702 4277 731 4336 iu
745 4278 837 4338 codice
851 4281 959 4341 omnino
972 4283 1076 4342 dmoni.
1087 4283 1140 4342 Sed
1157 4285 1231 4346 locus
1250 4287 1278 4344 in
1296 4287 1434 4364 privilege
1452 4291 1570 4353 insertus
1590 4311 1648 4354 rem
1667 4297 1704 4356 ad

298 4371 403 4430 curiam
419 4372 572 4432 Utmensom
591 4369 757 4435 reierendam
775 4391 836 4435 esse
854 4377 1046 4440 demonstrant.
1060 4381 1230 4443 Confirmatio
1248 4384 1358 4460 iusuper
1375 4387 1523 4450 donationis
1539 4391 1575 4452 ab
1594 4394 1705 4470 hugone

299 4469 398 4528 comite
415 4470 587 4530 Monddcrtis
603 4472 679 4546 data,
693 4478 722 4532 et
738 4475 766 4532 in
783 4474 874 4534 codice
893 4477 927 4534 ad
944 4478 1046 4538 calcem
1065 4481 1195 4556 privilegii
1209 4481 1354 4555 imperialis
1366 4493 1488 4562 murata,
1505 4505 1605 4550 anunm
1618 4496 1704 4569 tart,

301 4581 394 4624 mense
408 4583 461 4626 non
474 4584 613 4644 expresso,
628 4572 701 4630 clara
714 4572 830 4631 exhibet.
840 4573 872 4631 ln
887 4576 938 4634 isto
950 4576 1126 4638 instrumento
1136 4581 1211 4654 quasi
1223 4581 1258 4638 ad
1269 4584 1407 4658 exemplar
1418 4587 1550 4664 privilegii
1561 4590 1706 4667 imperialis

301 4663 418 4735 redacto,
431 4663 501 4724 nulla
512 4669 703 4747 archiepiscopi
715 4671 914 4746 Snizburgemis
922 4676 1023 4734 mentio
1038 4675 1076 4735 flt.
1086 4677 1146 4738 viu.
1159 4693 1257 4754 snpra,
1273 4697 1301 4756 p.
1318 4685 1380 4754 306,
1393 4689 1450 4744 not.
1464 4684 1490 4746 b.

1769 3173 1859 3228 otuu,

1762 3229 1865 3285 arrmn.
