4378 5954
272 529 452 608 44444414]
724 529 921 594 4448404444
947 530 1239 596 ntrtosttrtca
1626 534 1685 598 lta

321 667 446 738 Datum
458 667 557 758 Sore,
577 674 644 740 etc.

322 785 540 887 [Sequuntur
557 812 568 859 4
586 792 623 861 4·
648 790 793 887 epistola
820 791 996 880 tat-rsa,
1016 791 1180 886 Gregorio
1199 794 1315 868 Sancti
1339 793 1509 868 Theodori
1538 793 1684 870 4444644

271 913 439 988 44446444
454 913 546 988 640.
561 915 723 1014 acolytho
740 917 885 1009 directa,
903 939 974 1014 qus
987 918 1088 1012 jubet
1102 929 1142 992 ut
1154 919 1335 994 universos
1351 919 1388 992 44
1405 917 1532 1016 Apulis
1548 921 1683 994 444644-

271 1047 363 1112 tutos
374 1040 494 1133 jurare
510 1041 639 1117 iaciant
655 1040 702 1116 ed
716 1044 896 1141 exemplar
913 1065 1032 1118 eorum
1050 1045 1112 1140 qui
1133 1045 1386 1119 ordinationem
1403 1045 1501 1142 apud
1517 1047 1682 1119 Sanctum

271 1163 479 1238 4464644444
500 1162 538 1238 44
558 1188 623 1242 644
644 1169 838 1265 praesentis
857 1170 1080 1262 jnraverunt,
1100 1169 1222 1244 444444
1236 1169 1422 1264 juramenti
1442 1178 1477 1244 et
1494 1170 1605 1268 466446
1621 1191 1680 1244 or-

271 1285 458 1363 dinationis
486 1291 608 1366 torma.
636 1292 1055 1390 septembremque
1083 1294 1287 1388 comitibus,
1306 1294 1514 1382 baronibus,
1543 1293 1680 1368 civibus

270 1412 481 1508 caeterisque
504 1415 603 1510 regni
625 1413 787 1492 fidelibus
805 1417 982 1492 aSelerno
998 1438 1112 1514 usque
1132 1417 1361 1514 Ceperanum,
1385 1417 1430 1492 ds
1447 1417 1533 1490 mari
1551 1419 1680 1492 446644-

268 1535 351 1608 tntis
372 1535 419 1611 ad
439 1559 552 1627 4444,
571 1539 715 1616 mandat
732 1548 771 1614 64
786 1541 824 1614 Ρ.
843 1541 1021 1616 4464446464
1045 1549 1081 1616 64
1097 1542 1139 1616 n.
1159 1539 1328 1616 Fundano
1350 1541 1534 1616 comitibus
1546 1541 1600 1640 (t)
1617 1563 1679 1640 per

265 1659 385 1734 omnia
402 1661 584 1738 intendant
598 1673 633 1738 44
649 1663 902 1740 ordinationem
915 1665 1026 1764 ipsam
1042 1664 1294 1740 observandam
1310 1663 1456 1764 jurent]

319 2245 559 2332 Innocentius
576 2269 677 2358 papa
697 2244 778 2356 regi
797 2243 1019 2358 drogonum
1046 2244 1178 2330 scribit
1204 2271 1245 2330 66
1271 2271 1470 2330 assensum
1495 2247 1679 2360 impertiri

264 2379 508 2464 matrimonio
525 2379 623 2464 inter
642 2377 902 2463 Constantiam
925 2403 1093 2463 sororem
1119 2377 1202 2489 ejus
1224 2387 1262 2462 64
1278 2377 1511 2464 Fridericum
1530 2381 1678 2467 Siciliae

261 2543 395 2630 regem
423 2514 702 2622 4444446444,
729 2514 978 2625 hortaturque
1008 2523 1052 2597 ut
1082 2513 1132 2596 44
1162 2513 1528 2598 consummationem
1560 2515 1675 2628 hujus

262 2649 406 2763 negotii
423 2647 590 2733 studiose
605 2645 798 2758 procedat.

342 2865 457 2942 (Edldlt
468 2866 605 2940 4444444,
619 2863 717 2944 46444.
732 2863 829 2926 Ionos.
847 2862 905 2939 111,
920 2861 973 2926 ttb.
989 2863 1050 2940 lli,
1064 2879 1093 2941 p
1111 2871 1182 2942 446,
1196 2871 1229 2924 4·
1246 2866 1328 2940 444.)

310 3051 545 3144 Innocentius,
563 3059 648 3143 eto,
668 3049 793 3122 illustri
810 3047 884 3143 regi
899 3047 1112 3142 drogonum,
1132 3057 1199 3122 644.
1215 3049 1259 3122 Ut
1274 3049 1472 3122 4444664446
1490 3051 1525 3122 44
1540 3050 1672 3124 Christo

261 3175 355 3252 444446
378 3185 496 3252 446444
511 3173 715 3251 Fredcricus
731 3173 847 3247 Sicilie
867 3193 931 3246 rex
951 3171 1093 3247 illustris
1117 3172 1326 3248 carissimam
1352 3172 1389 3245 44
1410 3173 1542 3248 Christo
1566 3173 1671 3248 filiam

261 3311 412 3377 nostram
427 3299 658 3376 Commntiam
674 3319 826 3373 sororem
844 3307 939 3371 tuam
956 3295 1135 3392 quondam
1154 3295 1310 3392 reginam
1328 3297 1504 3392 Hungarie
1517 3298 1623 3372 ducat
1635 3299 1671 3372 in

258 3429 456 3522 conjugem,
469 3421 695 3522 apostolicum
713 3421 930 3520 impertimur
938 3443 1129 3514 assensum,
1141 3431 1176 3496 et
1186 3420 1457 3518 quodstatutum
1474 3433 1526 3497 cst
1540 3433 1575 3498 ct
1587 3445 1670 3496 con·

258 3573 395 3627 64644
419 3549 464 3626 44
483 3547 623 3623 duobus
640 3545 812 3640 dodariis,
832 3545 1078 3622 donationibus
1091 3545 1255 3622 videlicet
1272 3557 1413 3644 proptor
1430 3549 1590 3646 nuptias,
1606 3572 1671 3647 ap·

258 3675 459 3776 probamus.
469 3675 520 3748 Da
536 3672 636 3747 tortio
653 3693 737 3746 vero
752 3671 849 3768 qnod
863 3681 915 3746 est
928 3671 1069 3747 arbitrio
1081 3681 1196 3748 nostro
1209 3673 1447 3766 commissum,
1463 3675 1530 3750 hoc
1543 3686 1602 3750 444
1615 3698 1671 3752 64-

257 3801 395 3877 46444444
414 3799 622 3875 mandamus
644 3795 742 3895 quod
763 3795 878 3871 media
900 3797 1146 3874 deduximus
1171 3799 1424 3888 4646464444,
1445 3799 1493 3876 444
1510 3801 1672 3876 videlicet

257 3936 297 4000 ut
314 3923 507 4001 secundum
528 3932 682 3999 tenorem
707 3921 976 3997 conventionum
1000 3921 1123 3998 6446446
1145 3921 1361 4022 adimpletis,
1383 3923 1470 4000 illud
1483 3948 1589 4023 super
1603 3926 1669 4000 boc

253 4057 460 4146 expectatur
483 4046 699 4146 implendum
717 4045 813 4141 quod
835 4053 952 4120 nostra
976 4046 1168 4122 decreverit
1184 4048 1416 4146 providentia,
1433 4049 1499 4146 ipsi
1516 4051 1668 4146 prolecto

256 4167 395 4264 negotio
418 4169 494 4242 sina
513 4167 652 4260 majoris
678 4165 910 4263 expressionis
935 4165 1064 4240 indicio
1086 4168 1277 4263 protutura.
1302 4168 1471 4254 Quocirca
1495 4179 1588 4242 tuam
1611 4190 1665 4244 re·

290 4483 326 4560 (4)
344 4481 378 4540 444
392 4479 547 4540 46464444
559 4477 637 4554 64644
649 4484 711 4554 6464
724 4477 872 4537 simultates
890 4477 961 4536 inter
978 4491 1008 4536 66
1023 4481 1219 4534 renovaverunt
1237 4491 1287 4552 pro
1300 4475 1470 4550 possessione
1483 4475 1596 4536 44444446
1610 4478 1664 4538 Gr·

251 4596 334 4656 6446.
346 4579 443 4638 436466
454 4577 536 4636 etiam
547 4575 690 4634 Fundanus
703 4575 831 4634 auxilinm
842 4591 858 4634 a
870 4573 1001 4651 Diopuldo
1015 4579 1106 4650 664646
1118 4588 1167 4632 664
1180 4573 1302 4648 accipere
1313 4589 1367 4631 non
1380 4572 1522 4634 dubitarit.
1534 4575 1575 4636 Cl.
1584 4577 1661 4637 44446.

250 4693 288 4736 ur
302 4677 332 4738 S.
346 4672 645 4746 emanaturum,
659 4673 770 4732 adsum
785 4675 865 4731 4444.

1753 2275 1835 2322 Some

1732 2332 1746 2374 t
1761 2325 1856 2382 amatt-
