4434 5942
271 555 431 642 harad]
717 554 914 618 HISTORIA
942 554 1235 617 llll’LOllAl'lCil.
1645 563 1683 626 '13

270 697 435 770 vissimno
452 713 547 768 orror
565 693 661 787 pejor
678 691 805 786 priore,
822 713 902 764 cnm
920 712 984 764 nes
1001 691 1116 785 petius
1136 713 1257 785 paoem·
1275 692 1448 786 inquirere
1465 705 1499 766 et
1517 700 1677 792 persequi

271 829 307 894 ot
322 818 559 916 evangelizare
576 815 652 890 aliis
670 815 872 905 debeamus,
884 836 954 908 qno
969 813 1117 890 levando
1136 816 1232 888 illum
1252 825 1365 912 posset
1382 817 1427 892 do
1442 820 1531 892 taciti
1551 837 1681 916 preve-

272 945 496 1018 nireVornm
509 949 657 1016 oeentra
669 939 807 1014 videtur
824 938 920 1034 qued
939 939 1040 1012 liccat
1057 961 1121 1014 nes
1138 941 1171 1014 oi
1189 963 1375 1036 eppunoro.
1394 943 1470 1014 Fuit
1483 945 1577 1016 enim
1592 949 1684 1040 juste

274 1089 316 1142 ao
338 1067 534 1140 selemniter
557 1086 618 1160 por
641 1062 917 1158 prodoeosserom
946 1073 1101 1136 nestrum
1124 1065 1492 1140 excommunicationis
1518 1071 1685 1144 sententia

277 1193 463 1266 innodatus
483 1217 492 1262 ε
510 1177 620 1283 justo,
641 1189 725 1284 qnia
742 1189 836 1262 Beati
856 1189 944 1262 Petri
971 1189 1217 1283 patrimonium
1242 1191 1367 1285 partim
1398 1214 1459 1286 por
1487 1194 1686 1270 violentiam

277 1325 472 1410 occuparat,
483 1315 607 1412 partim
619 1313 857 1388 damnificarat
868 1312 1039 1388 incendiis
1056 1323 1091 1386 et
1108 1315 1252 1410 rapinis,
1267 1323 1302 1387 et
1319 1337 1425 1410 super
1443 1316 1509 1389 hec
1527 1339 1688 1394 eommo-
1812 1325 1813 1330 '

278 1440 372 1512 nitus
389 1440 495 1512 semol
513 1447 549 1512 ot
573 1438 696 1510 iterum
716 1457 778 1532 per
797 1438 916 1510 iratres
934 1447 1067 1510 nostres
1085 1438 1280 1512 satisfacere
1298 1461 1368 1512 nen
1386 1449 1538 1531 curarat;
1560 1443 1689 1516 selom-

138 1605 139 1608 *
279 1564 380 1655 nitor,
396 1563 561 1658 queniam
576 1561 613 1634 in
627 1563 854 1636 celebratione
868 1563 1050 1636 missarum
1070 1563 1106 1635 in
1125 1564 1269 1638 ecelesia
1284 1564 1379 1638 Beati
1397 1565 1485 1638 Petri
1504 1567 1541 1638 in
1560 1568 1689 1642 lostivi·

281 1697 428 1762 intonen
442 1709 562 1782 purva,
576 1686 672 1780 qued
690 1687 764 1782 ipse
777 1687 997 1782 postmodum
1010 1688 1210 1782 recognovit
1223 1711 1302 1760 cum
1321 1709 1382 1783 pre
1395 1690 1611 1764 absolutione
1626 1715 1690 1766 ona

280 1813 441 1885 nnntinm
459 1812 506 1886 ad
523 1810 649 1884 Sodem
666 1810 897 1907 Apostolicam
916 1812 1102 1886 destinavit
1119 1821 1154 1886 ot
1172 1835 1250 1886 eum
1275 1811 1416 1886 tandem
1437 1835 1499 1908 por
1516 1815 1691 1910 delegatos

280 1947 416 2012 nestros
432 1945 550 2010 oentm
569 1937 713 2010 formem
730 1935 885 2010 mandati
901 1937 1007 2010 nostri
1027 1945 1104 2031 pest
1121 1937 1322 2010 electionem
1346 1959 1443 2010 snam
1464 1960 1502 2012 se
1522 1937 1603 2012 iecit
1622 1939 1692 2012 ab-

282 2062 383 2136 selri.
401 2062 502 2136 Unde
524 2069 617 2157 patet
638 2061 734 2155 qued
757 2063 860 2134 luerit
882 2063 1201 2136 excommunicatus
1226 2063 1365 2136 electus.
1387 2062 1532 2136 Videtur
1552 2086 1693 2158 quoquo

283 2187 395 2260 lersan
417 2185 592 2280 aliquibus
608 2184 705 2280 qued
727 2185 883 2260 nendum
905 2187 950 2258 eit
972 2187 1018 2260 ab
1038 2185 1405 2260 excommunicationis
1424 2187 1565 2262 vinculo
1586 2189 1693 2262 abse-

283 2311 389 2402 lutus,
401 2331 481 2382 eum
497 2309 673 2403 quendam
689 2309 848 2382 Sutrinus
861 2311 1045 2407 opiscopus
1058 2312 1093 2384 in
1108 2312 1324 2386 absolutione
1335 2311 1445 2406 ipsius
1462 2314 1606 2388 formam
1623 2335 1693 2388 nen

284 2433 476 2508 servaverit
492 2433 558 2504 sibi
581 2431 716 2524 domm,
739 2455 818 2504 eum
842 2434 950 2506 fermo
972 2433 1053 2506 data
1074 2433 1188 2508 eidem
1212 2436 1314 2508 luerit
1331 2435 1396 2508 hec
1413 2443 1452 2506 nt
1474 2455 1537 2530 pre
1555 2436 1694 2516 absolu.-

284 2557 378 2632 tieuo
395 2555 603 2630 venerabilis
620 2557 733 2630 fratris
751 2557 857 2630 nestri
876 2559 1078 2632 salernitani
1099 2559 1367 2654 archiepiscopi,
1384 2579 1489 2652 quom
1502 2569 1581 2634 anto
1594 2561 1695 2634 abse-

285 2681 451 2756 lutienem
476 2681 586 2775 ipsius
611 2680 865 2754 mandabamus
888 2681 933 2754 ab
963 2683 1138 2776 ergastule
1162 2703 1226 2756 suo
1250 2682 1458 2776 captivitatis
1483 2683 1637 2774 absolvi,
1662 2685 1695 2758 oi

286 2805 439 2878 laborem
456 2804 587 2878 itineris
602 2803 766 2876 veniendi
781 2803 828 2876 od
843 2803 966 2878 Sodem
982 2803 1211 2900 Apostolicam
1226 2805 1409 2896 relaxaret,
1425 2816 1460 2878 et
1476 2807 1696 2901 postmodum

286 2937 424 3024 recepte
445 2929 491 3004 ab
513 2949 555 3002 ee
572 2928 708 3023 publico
726 2928 919 3004 seeundum
943 2931 1086 3003 termam
1101 2929 1257 3002 Ecclesia
1270 2931 1466 3022 juramento
1480 2931 1575 3024 qued
1593 2953 1698 3028 snper

287 3055 331 3128 iis
349 3076 412 3151 pre
426 3055 556 3150 quibus
572 3055 894 3128 excommunicatus
909 3055 1021 3128 luerat
1038 3053 1202 3128 mandute
1217 3064 1334 3128 nostre
1352 3065 1499 3149 pareret,
1519 3079 1647 3130 munus
1665 3058 1698 3131 oi

287 3180 513 3254 absolutionis
522 3178 754 3274 inpenderet,
770 3182 834 3256 sod
848 3181 922 3276 ipso
937 3179 1092 3252 nondum
1106 3179 1364 3275 archiepiscope
1376 3179 1590 3269 absoluto,et
1603 3183 1699 3256 nulle

288 3305 333 3378 ab
349 3325 391 3376 ee
405 3307 601 3397 jnramonto
618 3313 775 3400 roeopte,
801 3327 870 3378 non
889 3305 926 3376 in
942 3303 1100 3400 publice,
1123 3303 1185 3376 sod
1202 3304 1291 3376 elam
1315 3303 1430 3398 ipsum
1451 3303 1632 3380 absolvero
1655 3305 1700 3380 do

289 3430 379 3504 lacte
394 3429 626 3519 selummodo,
642 3429 725 3524 quia
741 3429 786 3502 de
798 3431 878 3522 juro
892 3451 959 3502 nen
974 3429 1098 3524 potuit,
1113 3437 1165 3502 est
1176 3436 1318 3502 cenatus
1331 3455 1340 3499 ε
1353 3438 1492 3524 prepter
1505 3451 1607 3524 quem
1625 3432 1700 3524 ejus

289 3576 491 3646 excessum,
515 3577 596 3626 cnm
623 3554 739 3650 ipsum
762 3553 902 3628 rediens
921 3554 1178 3648 recognoverit,
1200 3554 1245 3628 ab
1263 3555 1464 3650 episcopatu
1489 3565 1641 3630 remotus
1664 3557 1700 3628 in

288 3678 495 3752 monasterie
521 3678 613 3752 diem
636 3678 758 3752 elausit
788 3687 994 3751 extromum.
1020 3679 1177 3750 Preterea
1204 3700 1284 3750 cum
1316 3699 1379 3752 nes
1406 3679 1645 3755 Maroualdum
1669 3689 1704 3754 et

290 3822 410 3876 omnes
429 3805 580 3876 lautores
598 3801 709 3897 ipsius
726 3810 797 3874 tarn
814 3801 1043 3876 Thouteniees
1057 3824 1162 3896 quam
1181 3801 1319 3875 Latinos
1335 3804 1704 3878 excommunicationis

292 3927 458 4000 sententia
477 3927 594 4022 sepius
612 3927 832 4017 innodemus,
849 3927 971 4022 etipse
989 3949 1057 3999 nen
1076 3928 1189 4000 solnm
1207 3929 1332 4018 laeter,
1352 3928 1414 4002 sed
1433 3937 1554 4002 auctor
1571 3929 1705 4022 iniqui-

291 4051 371 4124 tatis
387 4053 463 4144 ojus
481 4051 620 4138 existat,
643 4060 737 4146 patet
754 4073 836 4124 eum
855 4052 1222 4126 excommunicationis
1240 4053 1409 4124 sententie
1423 4053 1702 4144 subJacare.Pro·

292 4181 385 4248 terea
409 4197 489 4247 enm
507 4176 690 4247 noterium
713 4175 758 4248 sit
781 4176 896 4270 ipsum
918 4177 1151 4268 juramentum
1179 4173 1354 4248 fidelitatis
1383 4198 1491 4271 puero
1519 4177 1704 4271 prestitisse

293 4307 328 4370 et
339 4321 433 4370 nunc
447 4321 595 4394 regnum
607 4299 856 4373 Thoutenieum
871 4309 918 4386 ot,
933 4309 1101 4394 quantum
1116 4301 1152 4372 in
1169 4321 1211 4372 ee
1229 4309 1293 4390 est,
1305 4301 1486 4396 imperium
1499 4323 1700 4395 occupasse,

293 4431 426 4496 constat
445 4443 527 4496 oum
548 4425 690 4519 perjurii
714 4445 790 4497 osso
811 4446 923 4497 reum.
947 4423 1016 4496 Sed
1038 4425 1198 4516 objicitur
1221 4424 1316 4518 qued
1337 4425 1387 4513 si,
1408 4424 1703 4518 quemadmodum

295 4547 454 4641 superins
470 4557 522 4622 ost
537 4569 754 4644 expressum,
765 4549 999 4641 juramentum
1017 4547 1104 4620 illud
1125 4548 1279 4620 illicitum
1298 4557 1510 4643 reputemus,
1529 4549 1703 4643 quemodo

296 4669 444 4744 dicimus
472 4695 552 4746 oum
580 4695 656 4748 osso
685 4696 782 4747 reum
814 4673 955 4769 perjurii
974 4683 1007 4746 et
1026 4683 1311 4768 transgressorem
1337 4673 1468 4768 prestiti
1492 4673 1700 4766 juramenti,

374 4795 399 4858 Ι.
1084 4825 1086 4830 ,
1510 4807 1545 4859 re
