4378 5954
263 537 361 598 lantcr.
377 533 423 612 4.]
716 531 914 594 HISTORIA
938 531 1231 594 otrnoltttrtcn
1639 535 1679 596 85

263 672 402 743 fratrem
418 669 494 760 ojus
512 674 547 740 et
564 665 704 740 nauem
721 668 840 741 uxoris
861 668 980 761 decit,
1002 669 1082 764 plns
1101 668 1231 764 poteris
1247 665 1293 740 de
1308 667 1458 762 ipsorum
1478 665 1594 762 aliquo
1613 665 1679 740 du-

263 794 374 866 bitare
391 811 495 886 quem
514 789 666 886 predicta
684 791 885 888 imperatrix
904 812 975 864 non
998 791 1073 864 sine
1101 813 1205 864 cansa
1229 791 1369 864 forsitan
1395 790 1610 886 aliquamdiu
1627 801 1678 864 te·

265 915 341 988 nuit
354 924 394 987 ut
408 913 603 1010 captivum,
625 923 660 988 et
680 913 745 986 nisi
764 915 883 988 fuisset
903 925 1013 988 morto
1033 925 1198 1011 preventa
1219 916 1273 988 vel
1293 923 1445 988 nostrum
1459 915 1490 987 ei
1506 915 1679 986 auxilinm

263 1037 498 1128 subvenisset,
518 1035 634 1132 ipsum
649 1038 763 1110 forsan
776 1037 915 1132 penitus
928 1039 1083 1132 ejecisset
1099 1060 1119 1112 a
1140 1061 1248 1133 regno
1266 1039 1321 1110 rel
1346 1037 1462 1110 adhuc
1478 1037 1514 1108 in
1529 1037 1680 1110 vinculis

265 1163 433 1236 detineret
445 1159 511 1258 (tl.
527 1160 664 1234 Certum
681 1169 734 1234 eet
756 1169 873 1236 antem
893 1161 990 1256 qnod
1011 1163 1146 1237 facilius
1161 1163 1240 1257 quis
1258 1161 1418 1254 injuriam
1433 1162 1578 1254 negligit
1593 1163 1679 1236 alie·

264 1308 344 1360 nam
369 1307 474 1382 qnam
500 1287 677 1382 propriam
705 1285 884 1358 lesionem.
910 1287 1090 1360 lllonemus
1116 1287 1222 1380 igitur
1250 1285 1465 1358 serenitatem
1489 1287 1619 1379 regiam
1644 1297 1680 1362 et

264 1408 488 1482 exhortamur
500 1407 538 1480 in
551 1407 700 1481 Domino
709 1417 893 1502 quatenns,
905 1417 1074 1502 qnantum
1089 1407 1134 1482 de
1148 1408 1286 1482 homine
1296 1407 1389 1482 credi
1402 1419 1524 1504 potest,
1537 1411 1573 1482 in
1584 1413 1678 1485 nullo

265 1532 403 1606 dubites
422 1530 467 1605 de
487 1532 612 1606 comite
631 1541 840 1625 memorato,
860 1532 923 1606 sed
947 1533 1062 1628 potins
1078 1531 1124 1606 de
1145 1533 1220 1628 ipso
1236 1522 1591 1628 confidas3'qnoniam
1609 1537 1677 1610 nisi

265 1678 326 1752 per
337 1665 371 1728 te
383 1656 513 1729 steterit
527 1657 585 1729 vel
599 1677 661 1752 per
677 1665 757 1730 tuos
771 1652 889 1730 verius
898 1653 972 1750 (qui
985 1665 1097 1729 amen
1108 1655 1240 1728 utinam
1250 1665 1363 1728 esseut
1373 1657 1422 1728 toi
1433 1655 1474 1752 l),
1492 1679 1572 1730 eum
1587 1658 1678 1732 fide-

263 1781 332 1852 lem
347 1779 505 1853 invenies
522 1789 558 1854 et
577 1779 742 1854 devotum
765 1788 799 1854 et
819 1779 918 1874 regni
944 1779 995 1852 tui
1020 1789 1098 1874 post
1123 1781 1232 1852 Deum
1258 1791 1293 1852 et
1315 1801 1379 1852 nos
1404 1781 1677 1874 potentissimum

264 1902 491 1978 defensorem.
511 1905 582 1978 Nec
597 1903 719 1978 credas
736 1904 832 1998 quod
849 1903 887 1978 id
902 1912 972 1976 tam
989 1925 1052 1998 pro
1069 1903 1179 1998 ipsios
1199 1903 1345 1976 utilitate
1360 1925 1465 1996 qoam
1487 1926 1550 2000 pro
1567 1917 1626 1976 tua
1643 1915 1679 1978 et

263 2026 361 2120 regni
375 2027 485 2100 muto
501 2025 670 2100 dieamus.
689 2026 877 2102 Considera
893 2048 977 2121 ergo
992 2027 1193 2122 prudenter,
1214 2026 1319 2098 immo
1342 2028 1525 2100 familiares
1546 2029 1596 2100 tui
1614 2028 1677 2102 ‹ti-

264 2147 409 2240 ligenter
425 2150 603 2224 attendant
616 2173 661 2224 ne
674 2151 855 2225 occasione
880 2153 938 2224 vel
958 2151 1225 2247 reprehensione
1240 2151 1459 2224 correctionis
1475 2151 1676 2244 hujusmodi

262 2272 308 2346 ad
324 2294 386 2346 coe
403 2275 464 2368 qni
483 2275 635 2349 animam
651 2285 747 2348 tuam
762 2276 883 2348 sitiunt
897 2286 1154 2366 convertantur,
1172 2277 1335 2370 quoniam
1353 2276 1382 2347 si
1400 2278 1508 2350 semel
1525 2299 1674 2374 accepe-

262 2395 332 2468 rint
347 2397 601 2492 potestatemin
615 2419 691 2490 eos,
711 2397 777 2494 ipsi
795 2397 841 2472 de
860 2398 912 2472 eis
939 2398 1060 2472 divino
1077 2399 1213 2491 jndicio
1231 2398 1457 2491 judicabunt3
1473 2401 1612 2495 quodsi
1627 2401 1675 2476 ad

263 2540 322 2594 cor
334 2520 449 2596 redire
464 2521 638 2594 voluerint
652 2531 687 2596 et
704 2545 798 2595 nnnc
819 2522 960 2596 tandem
976 2524 1149 2597 mandatis
1166 2523 1292 2596 nostris
1308 2523 1483 2596 humiliter
1496 2534 1531 2598 et
1549 2526 1675 2602 devoto

262 2667 399 2740 parere,
416 2667 481 2720 nos
497 2668 560 2742 pro
576 2656 636 2720 tue
648 2648 841 2722 serenitatis
855 2647 998 2736 honore,
1012 2649 1129 2744 quiete
1148 2649 1245 2742 regni
1261 2671 1303 2722 ac
1319 2669 1438 2722 corum
1453 2650 1564 2724 salute
1581 2652 1675 2748 ipsos

263 2769 380 2844 adlrno
396 2770 444 2844 ad
460 2771 658 2868 Apostolice
674 2773 775 2848 Sedis
790 2775 935 2867 gratiam
951 2773 1185 2848 admittemus.

313 2895 436 2968 Datum
453 2897 627 2990 laterani,
643 2899 673 2970 V
692 2919 801 2972 nonas
810 2898 907 2992 julii,
927 2897 1146 2994 pontificatus
1162 2898 1269 2972 nostri
1284 2921 1375 2974 anno
1391 2909 1526 2996 quarto.

669 3413 782 3477 ANNO
803 3413 902 3477 1209.
919 3446 959 3464 -
980 3415 1220 3476 lantcrtortn
1239 3415 1270 3478 5.

850 3647 1092 3676 —*-

312 3859 525 3946 Fridericus
550 3889 617 3947 rex
643 3865 792 3950 Siciliae
818 3869 1005 3953 universis
1023 3869 1244 3953 hominibus
1269 3870 1551 3984 Calatageronis
1569 3901 1671 3960 con-
1702 3911 1858 4010 offla

259 3996 478 4080 suetudines
495 4005 534 4080 et
550 3997 672 4083 bonos
690 4027 783 4084 usus
805 4002 859 4085 eis
872 4030 896 4084 a
908 4003 1262 4112 praedecessoribus
1281 4005 1361 4088 suis
1382 4006 1550 4092 indultos
1568 4035 1670 4092 con-
1720 4021 1837 4066 ‘oswe-

256 4126 407 4236 firmat,
432 4132 677 4242 conceditque
702 4144 747 4216 ut
772 4136 820 4218 de
847 4136 1021 4220 ducentis
1043 4137 1322 4250 quinquaginta
1340 4141 1554 4223 marinariis
1572 4168 1670 4252 qnos

256 4263 454 4344 annuatim
471 4265 563 4347 dare
577 4279 864 4378 consueuerant,
875 4270 1027 4353 nonnisi
1046 4281 1198 4356 centum
1211 4274 1492 4384 quinquaginta
1504 4274 1669 4358 tribuere

257 4393 469 4480 decaetero
495 4407 708 4483 teneantur.

293 4663 330 4739 (f)
349 4664 555 4727 tttnmrursns
566 4667 703 4728 Guelferio
716 4669 885 4744 cancellario;
900 4671 962 4729 ride
975 4688 1056 4748 supra
1068 4689 1097 4748 p.
1114 4675 1159 4729 tt.
