4382 5946
264 555 361 614 lsmcr.
377 553 420 630 3.]
709 551 905 612 HISTORIA
930 551 1219 613 ninnettattclt.
1609 552 1670 614 33¹1

264 687 407 783 imperio
422 686 574 760 noscitur
592 707 667 757 esse
683 685 849 778 subjecta,
872 696 965 760 tanto
984 687 1122 779 majoris
1141 687 1248 780 gratie
1263 688 1480 782 prerogativa
1502 689 1666 781 majesta-

266 825 332 884 tem
345 811 442 884 decet
452 810 705 906 imperatoriam
720 811 830 905 ipsius
844 811 939 882 urbis
952 811 1117 884 honorem
1130 833 1171 883 ao
1184 811 1396 884 nobilitatem
1412 812 1666 906 inperpetuum

265 955 470 1008 conservare
491 945 525 1007 et
546 934 804 1028 privilegiorum
827 955 967 1008 snorum
991 935 1182 1006 monimine
1203 935 1374 1006 roborare.
1400 936 1587 1030 Eapropter
1605 957 1669 1010 nos

265 1060 478 1134 attendentes
492 1058 710 1132 devotionem
721 1067 755 1130 et
767 1057 869 1131 fidem
884 1081 988 1152 qnam
1001 1060 1104 1154 plene
1119 1058 1219 1130 uobis
1232 1069 1267 1130 et
1282 1059 1426 1154 imperio
1440 1069 1555 1133 nostro
1566 1061 1671 1133 exhi-

267 1185 367 1276 betis,
377 1184 480 1277 justis
493 1183 616 1254 vestris
628 1182 851 1278 petitionibus
861 1191 957 1276 grato
970 1194 1210 1256 concurrentes
1222 1184 1433 1275 assensu,ad
1446 1185 1670 1259 imitationem

266 1319 302 1381 et
316 1309 515 1403 exemplum
534 1307 665 1381 domini
683 1306 847 1380 Friderici
866 1307 923 1378 avi
941 1307 1059 1397 nostri,
1077 1307 1291 1380 consulatum
1307 1315 1460 1378 vestrum
1479 1318 1512 1380 et
1531 1331 1670 1384 omnem

267 1434 431 1505 honorem
457 1432 559 1503 vobis
583 1432 628 1504 ab
656 1431 731 1526 ipso
757 1453 824 1504 avo
849 1439 962 1504 nostro
990 1453 1190 1504 concessum
1215 1432 1281 1504 boc
1306 1432 1402 1526 regio
1427 1433 1671 1508 confirmamus

269 1557 408 1652 scripto.
427 1556 677 1629 Constituentes
704 1566 743 1627 ut
761 1577 823 1651 per
845 1556 1002 1628 eonsules
1022 1557 1169 1648 singulis
1191 1555 1291 1627 annis
1311 1555 1540 1631 instituendos
1555 1559 1612 1650 jue
1636 1560 1671 1630 in

270 1679 356 1752 urbe
373 1690 408 1752 et
424 1679 536 1774 burgo
550 1689 718 1752 eteorum
734 1680 947 1775 pertinentiis
961 1681 1055 1752 omni
1079 1680 1206 1774 petenti
1227 1678 1390 1752 reddatur
1403 1691 1438 1753 et
1453 1703 1674 1778 quecumque

272 1804 439 1898 pertinent
460 1804 507 1876 ad
531 1812 713 1896 utramque
729 1801 1003 1896 jurisdictionem
1025 1813 1094 1874 tum
1117 1803 1360 1874 contentiosam
1382 1825 1487 1896 quam
1510 1807 1676 1880 volunta-

271 1929 357 2000 riam
377 1949 439 2024 per
461 1947 521 2000 eos
542 1928 681 1999 valeant
705 1927 878 2018 exerceri,
909 1927 1006 1999 salvo
1032 1937 1145 1998 minen
1173 1926 1210 1997 in
1238 1926 1398 1998 omnibns
1419 1929 1497 2020 jure
1520 1929 1617 2023 quod
1639 1932 1676 2003 in

254 2105 259 2114 x
273 2050 429 2124 creandis
450 2050 649 2123 consulibus
665 2059 700 2122 et
717 2049 957 2143 jurisdictione
979 2049 1091 2146 ipsius
1107 2050 1203 2122 urbis
1219 2049 1431 2123 reverendus
1449 2073 1511 2147 pro
1526 2062 1679 2149 tempore

273 2174 479 2248 Arelatensis
498 2175 642 2247 ecclesie
661 2174 804 2247 antistes
819 2173 946 2246 habere
966 2173 1192 2268 dignoscitur.
1215 2175 1320 2266 Cujus
1335 2175 1528 2271 privilegiis
1545 2199 1682 2273 nequa-

274 2321 379 2393 quam
396 2299 560 2371 volumus
576 2297 665 2369 sicut
686 2318 751 2370 nec
767 2297 935 2370 dehemus
953 2299 988 2368 in
1009 2299 1127 2392 aliquo
1137 2299 1320 2392 derogare.
1342 2299 1559 2394 Quicumque
1578 2303 1684 2396 igitur

274 2431 391 2496 contra
410 2422 500 2495 hanc
526 2432 641 2495 nostre
666 2419 932 2494 confirmationis
958 2421 1119 2517 paginam
1144 2423 1263 2495 venire
1288 2433 1323 2494 et
1349 2422 1512 2496 honorem
1537 2426 1684 2518 alicujus

276 2546 440 2619 libertatis
458 2566 521 2618 seu
541 2544 766 2617 immunitatis
785 2566 807 2616 a
830 2544 1074 2636 gloriosissimo
1093 2565 1160 2618 avo
1182 2555 1298 2617 nostro
1316 2545 1447 2618 civitati
1467 2559 1581 2622 vestre
1597 2572 1685 2624 con-

276 2692 410 2744 cessum
425 2671 624 2763 infringere,
642 2669 837 2743 diminuere
858 2690 921 2743 scu
941 2671 1142 2765 perturbare
1158 2671 1273 2764 aliqua
1293 2672 1480 2744 temeritate
1502 2695 1683 2772 presump-

277 2795 369 2886 serit,
404 2795 488 2866 iram
513 2802 548 2866 et
577 2793 848 2888 indignationem
878 2802 1028 2868 nostram
1056 2795 1275 2867 incursurum
1305 2805 1341 2868 et
1362 2796 1481 2870 banno
1505 2807 1621 2872 nostro
1647 2823 1685 2874 se

219 2961 224 2968 ·
279 2919 413 2992 noverit
439 2937 515 2991 esse
538 2918 743 3012 subjectum.
764 2919 808 2990 Ut
829 2919 944 2992 antem
963 2919 1029 2991 heo
1043 2919 1159 2992 omniu
1182 2918 1279 2992 firma
1299 2930 1334 2992 et
1353 2920 1518 2994 inviolata
1541 2922 1578 2994 in
1603 2945 1686 3019 pcr-

278 3051 421 3137 petnnm
448 3051 705 3132 domarentur,
727 3043 792 3116 heo
810 3064 949 3139 presens
971 3043 1097 3139 pagina
1118 3043 1229 3138 sigillo
1260 3053 1374 3116 nostro
1390 3045 1523 3118 munita
1542 3057 1577 3120 et
1601 3048 1684 3120 iusi·

279 3167 374 3260 gnita
391 3166 549 3259 refulget.

327 3291 438 3383 Hujus
461 3291 509 3362 rei
534 3299 636 3364 testes
658 3303 739 3364 sunt
756 3289 958 3364 Thidericus
976 3291 1185 3362 Trevirensis
1202 3291 1497 3387 archiepiscopus,
1514 3293 1689 3369 Amedeus

279 3412 479 3484 Bisontinus
495 3412 784 3508 archiepiscopus,
802 3421 869 3486 etc.
893 3416 932 3484 nr
951 3435 1074 3506 snpra,
1090 3415 1125 3484 in
1140 3415 1363 3506 presumente.

327 3537 401 3629 Ego
417 3535 594 3609 Conradus
611 3537 794 3632 Spirensis,
815 3547 880 3611 eto.
904 3539 944 3608 Ut
961 3561 1083 3632 sapa,
1104 3540 1141 3612 in
1154 3539 1379 3634 praecedente.

329 3662 415 3734 Actu
432 3671 513 3733 sunt
530 3663 595 3734 bec
612 3684 703 3735 anno
721 3663 857 3735 Domini
874 3663 1049 3756 MCCXIV,
1069 3675 1234 3758 regnante
1248 3667 1429 3741 Frederico
1449 3667 1603 3743 secundo
1620 3672 1692 3746 llo-

282 3805 460 3858 manorum
477 3805 573 3879 rege,
595 3795 630 3857 et
647 3807 728 3880 rege
746 3787 864 3860 Sicilie
884 3788 1044 3882 glorioso,
1064 3811 1156 3862 anno
1171 3791 1271 3884 regni
1288 3792 1329 3863 ll.

330 3910 415 3982 Data
433 3909 528 4003 apud
546 3909 728 4002 Basileam,
746 3912 820 3983 Vlll
840 3911 1007 3985 kalendas
1024 3913 1228 4007 decembris,
1248 3914 1436 3988 indictione
1454 3916 1511 3986 lll.

527 4169 742 4182 -n-——u-—u

339 4392 569 4504 Fridcricus,
589 4398 848 4484 Romanorum
867 4431 951 4512 rex,
978 4408 1160 4491 Gaulrido
1179 4409 1445 4492 Tricastinensi
1464 4411 1638 4519 episcopo
1657 4423 1694 4495 et
1748 4427 1873 4527 ,3323

287 4526 463 4611 ecclesiae
485 4529 567 4640 ejus
589 4532 802 4618 dominium
828 4537 987 4620 civitatis
1014 4539 1183 4650 ejusdem
1216 4543 1386 4624 concedit
1412 4553 1450 4624 et
1473 4543 1692 4648 confirmat,
1728 4535 1895 4578 ΜΝ·

288 4683 375 4739 rum
394 4663 694 4772 exemptionibus
709 4679 746 4750 et
759 4669 916 4752 dirersis
935 4672 1140 4783 privilegiis
1159 4673 1299 4757 ibidem
1316 4675 1514 4784 expressis.

369 4794 395 4856 r.
1500 4821 1536 4874 ra
