4378 5954
250 593 348 655 lrrnrc'r.
366 588 427 671 11.)
697 589 895 652 HISTORIA
918 583 1208 652 circumcirca,
1609 587 1663 650 131

251 729 352 802 miter
377 727 598 822 injungentes
621 735 661 799 ut
687 727 805 799 nullus
832 725 878 800 de
906 736 1021 802 cetero
1044 725 1239 824 predictum
1267 724 1489 821 episcopum,
1522 745 1667 798 succes-

251 875 345 926 sores
360 853 438 946 ojus
450 851 507 924 vel
521 861 745 926 memoratam
759 852 942 926 ecclesiam
957 853 1033 926 sive
1045 851 1091 926 dc
1106 851 1257 947 illisque
1271 849 1441 946 imperiali
1455 848 1549 923 dono
1564 848 1668 924 debet

252 975 379 1050 babere
401 996 464 1048 seu
484 973 530 1049 dc
546 974 625 1048 aliis
642 975 923 1072 quibuscumque
939 975 1082 1069 justitiis
1101 983 1138 1048 et
1154 975 1345 1048 rationibus
1362 973 1436 1048 suis
1453 973 1559 1048 modo
1576 995 1665 1069 quo·

253 1099 338 1172 libet
351 1100 533 1172 molestare
555 1107 744 1195 presumat.
765 1097 821 1173 Ad
839 1099 946 1192 hujus
960 1108 1076 1172 autum
1093 1097 1324 1173 concessionis
1342 1107 1377 1170 et
1395 1096 1668 1172 confirmationis

252 1231 368 1296 nostre
394 1221 596 1296 memoriam
620 1231 656 1296 et
682 1221 883 1296 inviolabile
905 1221 1158 1297 firmamentum
1181 1221 1252 1320 (4),
1279 1243 1421 1319 presens
1444 1221 1667 1318 privilegium

254 1367 315 1443 pcr
331 1367 457 1420 manus
480 1345 617 1420 Androe
638 1346 763 1420 notarii
783 1355 819 1420 at
837 1345 953 1420 fidelis
976 1347 1082 1420 nostri
1099 1346 1203 1420 scribi
1221 1356 1256 1420 et
1281 1345 1466 1441 majestatis
1488 1355 1604 1418 nostre
1618 1345 1667 1417 si·

253 1472 337 1566 gillo
352 1470 571 1567 precepimus
588 1471 808 1564 communiri,
829 1492 934 1565 anno,
951 1491 1070 1545 mensu
1085 1482 1121 1545 et
1134 1471 1322 1546 indictione
1335 1471 1552 1567 subscriptis.

301 1599 428 1670 Datum
449 1595 485 1668 in
505 1596 594 1670 urba
616 1597 707 1670 lelici
730 1597 890 1672 Panormi
912 1619 976 1696 per
999 1619 1126 1672 manus
1147 1595 1313 1672 Gualtcrii
1335 1595 1381 1672 dc
1400 1591 1547 1696 Pal[sar]
1569 1596 1668 1693 regni

256 1969 428 2045 Fredcrici
443 1972 507 2046 Dei
529 1972 639 2068 gratia
660 1972 799 2069 gloriosi
815 1974 908 2067 ragis
927 1975 1058 2065 Sicilie,
1084 1974 1231 2049 ducatus
1250 1971 1377 2070 Apulia
1398 1979 1433 2046 el
1456 1971 1670 2068 principatus

252 2099 382 2194 dapne,
399 2117 491 2172 anno
503 2097 537 2171 X
551 2095 621 2197 (2),
641 2098 797 2174 feliciter.
813 2096 938 2173 Amen.

655 2637 766 2702 4414Νο
788 2637 1205 2702 4000-400400404014
1232 2637 1285 2702 ll.

847 2882 1088 2908 ιώ..-

260 3127 264 3135 ·
307 3103 548 3188 Innocentius
570 3129 668 3214 papa
696 3103 777 3216 regi
796 3103 1019 3215 drogonum
1037 3103 1206 3188 scribens
1223 3105 1386 3189 miratur
1402 3108 1507 3218 quod
1525 3113 1667 3193 mutri—
1710 3146 1854 3246 mmm

255 3239 428 3321 monium
444 3239 543 3321 inter
559 3235 792 3321 Fridericum
811 3237 960 3322 Siciliae
976 3263 1105 3350 regem
1123 3248 1161 3322 et
1179 3265 1347 3324 sororem
1368 3241 1488 3352 ipsius
1506 3255 1667 3330 contra·
1759 3214 1796 3246 Η
1855 3229 1862 3244 ’

103 3435 107 3446 .
250 3369 423 3454 handum
443 3371 590 3454 tamdiu
608 3367 816 3480 distulerim
836 3371 1039 3483 magnifice
1056 3371 1192 3483 pupilli
1201 3373 1308 3482 regis
1326 3371 1458 3458 laudes
1476 3375 1667 3490 decantat,

255 3503 480 3614 nuntiatque
498 3529 539 3587 sc
556 3503 607 3587 ad
624 3503 752 3614 ipsum
770 3503 1039 3590 Mazariensem
1056 3507 1275 3618 episcopum
1293 3508 1461 3620 mittere,
1472 3511 1534 3596 cui
1552 3537 1668 3598 soro-

254 3663 336 3721 rem
354 3663 443 3722 cnm
460 3637 669 3722 honorifico
686 3638 867 3724 comitatu
885 3641 1013 3723 tradat
1029 3639 1364 3726 transducendum.

337 3852 442 3930 (Edld.
460 3853 599 3930 Beuum,
613 3853 711 3936 Epist.
725 3853 821 3916 laroc.
837 3853 892 3932 111,
907 3854 961 3916 lib.
977 3855 1039 3930 xl,
1055 3865 1089 3918 n·
1103 3863 1139 3933 4,
1154 3861 1178 3918 0.
1192 3855 1239 3932 Π,
1254 3873 1285 3936 p.
1305 3855 1386 3938 440.)

305 4041 542 4136 innocentius,
559 4049 644 4132 etc,
665 4042 789 4116 illustri
815 4045 890 4138 regi
911 4043 1130 4141 Aragonum,
1157 4054 1223 4120 etc.
1252 4045 1308 4120 Ex
1336 4047 1478 4144 speciali
1507 4049 1675 4128 dileclio'

257 4163 312 4236 nis
328 4163 453 4238 affectu
471 4187 543 4264 quo
558 4188 740 4263 personam
757 4177 852 4242 tuam
870 4178 905 4242 et
928 4193 1073 4266 regnum
1090 4171 1313 4267 Aragonensc
1330 4172 1519 4270 diligimus,
1538 4201 1665 4274 provo·

293 4420 331 4495 (4)
349 4421 425 4480 ldem
435 4423 579 4499 spiscopus
590 4424 700 4484 alteram
710 4424 746 4483 ab
755 4423 854 4485 Ottona
867 4425 1025 4501 imperatore
1035 4427 1266 4488 confirmationem
1276 4429 1391 4490 obtinuit
1404 4449 1411 4489 ε
1425 4431 1480 4491 dat.
1489 4435 1561 4508 apud
1570 4435 1670 4497 Castol-

256 4515 312 4575 lum
322 4518 512 4594 llomntinum,
525 4525 542 4579 0
553 4521 605 4580 lral.
619 4523 782 4596 novembris,
795 4523 889 4582 indict.
900 4527 933 4580 43
944 4525 989 4598 [47
1002 4524 1104 4584 octobr.
1121 4525 1212 4601 ⁴209),
1222 4543 1268 4603 ap.
1281 4529 1423 4601 Ucamm,
1439 4529 1550 4605 ibidem,
1564 4551 1593 4610 p.
1604 4539 1668 4598 402.

293 4614 331 4690 (4)
349 4616 438 4688 Quum
449 4624 571 4679 caeterae
583 4626 662 4680 noim
673 4621 873 4696 chronologicae
886 4621 989 4696 desint,
1002 4623 1075 4682 circa
1087 4622 1168 4683 finam
1180 4625 1243 4684 anui
1253 4627 1323 4684 4207
1333 4626 1386 4686 boc
1398 4627 1567 4705 privilegium
1574 4633 1669 4694 saltem

256 4727 291 4770 ox
304 4713 413 4776 nonius
425 4717 522 4778 notarii
535 4720 719 4797 reponendum
731 4719 901 4780 arbitramur.
