<?xml version="1.0" encoding="UTF-8"?>
<!DOCTYPE html PUBLIC "-//W3C//DTD XHTML 1.0 Transitional//EN"
    "http://www.w3.org/TR/xhtml1/DTD/xhtml1-transitional.dtd">
<html xmlns="http://www.w3.org/1999/xhtml" xml:lang="en" lang="en">
 <head>
  <title>
</title>
<meta http-equiv="Content-Type" content="text/html;charset=utf-8" />
  <meta name='ocr-system' content='tesseract 3.04.00' />
  <meta name='ocr-capabilities' content='ocr_page ocr_carea ocr_par ocr_line ocrx_word'/>
</head>
<body>
  <div class='ocr_page' id='page_1' title='image "./historiadiploma06fredgoog_0102.png"; bbox 0 0 4378 5954; ppageno 0'>
   <div class='ocr_carea' id='block_1_1' title="bbox 258 585 1667 669">
    <p class='ocr_par' dir='ltr' id='par_1_1' title="bbox 258 585 1667 669">
     <span class='ocr_line' id='line_1_1' title="bbox 258 585 1667 669; baseline -0.002 -17"><span class='ocrx_word' id='word_1_1' title='bbox 258 593 357 654; x_wconf 76' lang='lat' dir='ltr'><strong>linter.</strong></span> <span class='ocrx_word' id='word_1_2' title='bbox 371 591 419 669; x_wconf 75' lang='grc'><strong>4.]</strong></span> <span class='ocrx_word' id='word_1_3' title='bbox 706 587 904 650; x_wconf 72' lang='grc' dir='ltr'>ΗΙὸΤΟΜΑ</span> <span class='ocrx_word' id='word_1_4' title='bbox 927 585 1220 650; x_wconf 74' lang='lat' dir='ltr'><strong>nlatonaflch</strong></span> <span class='ocrx_word' id='word_1_5' title='bbox 1626 587 1667 649; x_wconf 80' lang='lat'><strong>83</strong></span> 
     </span>
    </p>
   </div>
   <div class='ocr_carea' id='block_1_2' title="bbox 255 718 1670 1562">
    <p class='ocr_par' dir='ltr' id='par_1_2' title="bbox 255 718 1670 1562">
     <span class='ocr_line' id='line_1_2' title="bbox 256 718 1663 819; baseline -0.004 -21"><span class='ocrx_word' id='word_1_6' title='bbox 256 726 419 800; x_wconf 89' lang='lat' dir='ltr'><strong>memorie</strong></span> <span class='ocrx_word' id='word_1_7' title='bbox 437 723 631 798; x_wconf 75' lang='lat' dir='ltr'><strong>constantie</strong></span> <span class='ocrx_word' id='word_1_8' title='bbox 648 723 874 819; x_wconf 79' lang='lat' dir='ltr'><strong>imperatricis</strong></span> <span class='ocrx_word' id='word_1_9' title='bbox 889 725 1009 798; x_wconf 89' lang='lat' dir='ltr'><strong>matris</strong></span> <span class='ocrx_word' id='word_1_10' title='bbox 1025 733 1097 810; x_wconf 91' lang='lat' dir='ltr'><strong>tue,</strong></span> <span class='ocrx_word' id='word_1_11' title='bbox 1117 719 1187 794; x_wconf 87' lang='lat' dir='ltr'><strong>filie</strong></span> <span class='ocrx_word' id='word_1_12' title='bbox 1207 718 1384 816; x_wconf 89' lang='lat' dir='ltr'><strong>qnondam</strong></span> <span class='ocrx_word' id='word_1_13' title='bbox 1401 719 1493 810; x_wconf 69' lang='lat' dir='ltr'><strong>regis</strong></span> <span class='ocrx_word' id='word_1_14' title='bbox 1509 721 1663 815; x_wconf 80' lang='lat' dir='ltr'><strong>llogerii,</strong></span> 
     </span>
     <span class='ocr_line' id='line_1_3' title="bbox 255 841 1668 944; baseline -0.004 -22"><span class='ocrx_word' id='word_1_15' title='bbox 255 848 398 944; x_wconf 87' lang='lat' dir='ltr'><strong>qnando</strong></span> <span class='ocrx_word' id='word_1_16' title='bbox 414 848 606 920; x_wconf 89' lang='lat' dir='ltr'><strong>Wilielmns</strong></span> <span class='ocrx_word' id='word_1_17' title='bbox 623 846 715 920; x_wconf 86' lang='lat' dir='ltr'><strong>filine</strong></span> <span class='ocrx_word' id='word_1_18' title='bbox 739 847 867 943; x_wconf 77' lang='lat' dir='ltr'><strong>inclyte</strong></span> <span class='ocrx_word' id='word_1_19' title='bbox 887 845 1134 922; x_wconf 87' lang='lat' dir='ltr'><strong>recordationis</strong></span> <span class='ocrx_word' id='word_1_20' title='bbox 1149 843 1242 938; x_wconf 78' lang='lat' dir='ltr'><strong>regis</strong></span> <span class='ocrx_word' id='word_1_21' title='bbox 1257 841 1424 916; x_wconf 88' lang='lat' dir='ltr'><strong>Tancredi</strong></span> <span class='ocrx_word' id='word_1_22' title='bbox 1441 843 1576 937; x_wconf 85' lang='lat' dir='ltr'><strong>nepotis</strong></span> <span class='ocrx_word' id='word_1_23' title='bbox 1592 846 1668 936; x_wconf 89' lang='lat' dir='ltr'><strong>ejus</strong></span> 
     </span>
     <span class='ocr_line' id='line_1_4' title="bbox 256 965 1669 1068; baseline -0.006 -22"><span class='ocrx_word' id='word_1_24' title='bbox 256 974 375 1068; x_wconf 80' lang='lat' dir='ltr'><strong>ipsine</strong></span> <span class='ocrx_word' id='word_1_25' title='bbox 389 970 559 1059; x_wconf 79' lang='lat' dir='ltr'><strong>reddidit,</strong></span> <span class='ocrx_word' id='word_1_26' title='bbox 579 970 810 1066; x_wconf 80' lang='lat' dir='ltr'><strong>principatum</strong></span> <span class='ocrx_word' id='word_1_27' title='bbox 828 971 964 1044; x_wconf 80' lang='lat' dir='ltr'><strong>Tarenti</strong></span> <span class='ocrx_word' id='word_1_28' title='bbox 985 979 1020 1044; x_wconf 91' lang='lat' dir='ltr'><strong>et</strong></span> <span class='ocrx_word' id='word_1_29' title='bbox 1041 969 1240 1042; x_wconf 86' lang='lat' dir='ltr'><strong>comitatum</strong></span> <span class='ocrx_word' id='word_1_30' title='bbox 1265 965 1350 1038; x_wconf 83' lang='lat' dir='ltr'><strong>licii</strong></span> <span class='ocrx_word' id='word_1_31' title='bbox 1372 965 1405 1038; x_wconf 94' lang='lat' dir='ltr'><strong>ei</strong></span> <span class='ocrx_word' id='word_1_32' title='bbox 1429 975 1464 1038; x_wconf 89' lang='lat' dir='ltr'><strong>et</strong></span> <span class='ocrx_word' id='word_1_33' title='bbox 1482 966 1669 1040; x_wconf 85' lang='lat' dir='ltr'><strong>heredibus</strong></span> 
     </span>
     <span class='ocr_line' id='line_1_5' title="bbox 256 1089 1669 1188; baseline -0.005 -18"><span class='ocrx_word' id='word_1_34' title='bbox 256 1097 334 1188; x_wconf 88' lang='lat' dir='ltr'><strong>ejus</strong></span> <span class='ocrx_word' id='word_1_35' title='bbox 348 1095 556 1170; x_wconf 86' lang='lat' dir='ltr'><strong>concesserit</strong></span> <span class='ocrx_word' id='word_1_36' title='bbox 574 1103 610 1168; x_wconf 90' lang='lat' dir='ltr'><strong>et</strong></span> <span class='ocrx_word' id='word_1_37' title='bbox 633 1095 669 1166; x_wconf 94' lang='lat' dir='ltr'><strong>in</strong></span> <span class='ocrx_word' id='word_1_38' title='bbox 693 1093 842 1170; x_wconf 89' lang='lat' dir='ltr'><strong>animam</strong></span> <span class='ocrx_word' id='word_1_39' title='bbox 859 1097 935 1188; x_wconf 88' lang='lat' dir='ltr'><strong>ejus</strong></span> <span class='ocrx_word' id='word_1_40' title='bbox 950 1093 1151 1186; x_wconf 85' lang='lat' dir='ltr'><strong>juramentis</strong></span> <span class='ocrx_word' id='word_1_41' title='bbox 1169 1091 1363 1186; x_wconf 81' lang='lat' dir='ltr'><strong>principum</strong></span> <span class='ocrx_word' id='word_1_42' title='bbox 1379 1099 1448 1162; x_wconf 90' lang='lat' dir='ltr'><strong>tam</strong></span> <span class='ocrx_word' id='word_1_43' title='bbox 1465 1089 1510 1163; x_wconf 91' lang='lat' dir='ltr'><strong>de</strong></span> <span class='ocrx_word' id='word_1_44' title='bbox 1523 1091 1669 1186; x_wconf 86' lang='lat' dir='ltr'><strong>imperio</strong></span> 
     </span>
     <span class='ocr_line' id='line_1_6' title="bbox 256 1213 1670 1314; baseline -0.006 -22"><span class='ocrx_word' id='word_1_45' title='bbox 256 1242 362 1314; x_wconf 87' lang='lat' dir='ltr'><strong>quam</strong></span> <span class='ocrx_word' id='word_1_46' title='bbox 380 1221 426 1294; x_wconf 93' lang='lat' dir='ltr'><strong>de</strong></span> <span class='ocrx_word' id='word_1_47' title='bbox 443 1239 549 1312; x_wconf 78' lang='lat' dir='ltr'><strong>regno</strong></span> <span class='ocrx_word' id='word_1_48' title='bbox 569 1216 826 1290; x_wconf 81' lang='lat' dir='ltr'><strong>concessionem</strong></span> <span class='ocrx_word' id='word_1_49' title='bbox 840 1215 1040 1308; x_wconf 91' lang='lat' dir='ltr'><strong>hujusmodi</strong></span> <span class='ocrx_word' id='word_1_50' title='bbox 1062 1215 1178 1290; x_wconf 87' lang='lat' dir='ltr'><strong>fecerit</strong></span> <span class='ocrx_word' id='word_1_51' title='bbox 1193 1214 1366 1305; x_wconf 89' lang='lat' dir='ltr'><strong>roborari,</strong></span> <span class='ocrx_word' id='word_1_52' title='bbox 1385 1233 1449 1285; x_wconf 92' lang='lat' dir='ltr'><strong>nec</strong></span> <span class='ocrx_word' id='word_1_53' title='bbox 1470 1213 1564 1286; x_wconf 92' lang='lat' dir='ltr'><strong>idem</strong></span> <span class='ocrx_word' id='word_1_54' title='bbox 1579 1213 1670 1285; x_wconf 88' lang='lat' dir='ltr'><strong>Wil-</strong></span> 
     </span>
     <span class='ocr_line' id='line_1_7' title="bbox 257 1333 1669 1436; baseline -0.007 -18"><span class='ocrx_word' id='word_1_55' title='bbox 257 1343 381 1418; x_wconf 88' lang='lat' dir='ltr'><strong>lelmus</strong></span> <span class='ocrx_word' id='word_1_56' title='bbox 397 1352 458 1418; x_wconf 91' lang='lat' dir='ltr'><strong>aut</strong></span> <span class='ocrx_word' id='word_1_57' title='bbox 474 1361 608 1416; x_wconf 80' lang='lat' dir='ltr'><strong>sorores</strong></span> <span class='ocrx_word' id='word_1_58' title='bbox 624 1340 734 1436; x_wconf 87' lang='lat' dir='ltr'><strong>ipsius</strong></span> <span class='ocrx_word' id='word_1_59' title='bbox 754 1339 872 1435; x_wconf 89' lang='lat' dir='ltr'><strong>aliquo</strong></span> <span class='ocrx_word' id='word_1_60' title='bbox 894 1337 998 1412; x_wconf 92' lang='lat' dir='ltr'><strong>modo</strong></span> <span class='ocrx_word' id='word_1_61' title='bbox 1022 1338 1261 1434; x_wconf 85' lang='lat' dir='ltr'><strong>peccaverint,</strong></span> <span class='ocrx_word' id='word_1_62' title='bbox 1288 1358 1368 1410; x_wconf 92' lang='lat' dir='ltr'><strong>cnm</strong></span> <span class='ocrx_word' id='word_1_63' title='bbox 1386 1335 1485 1408; x_wconf 88' lang='lat' dir='ltr'><strong>etatis</strong></span> <span class='ocrx_word' id='word_1_64' title='bbox 1502 1333 1669 1408; x_wconf 81' lang='lat' dir='ltr'><strong>beneficio</strong></span> 
     </span>
     <span class='ocr_line' id='line_1_8' title="bbox 256 1459 1670 1562; baseline -0.008 -20"><span class='ocrx_word' id='word_1_65' title='bbox 256 1475 481 1556; x_wconf 81' lang='lat' dir='ltr'><strong>excusentur,</strong></span> <span class='ocrx_word' id='word_1_66' title='bbox 498 1488 570 1562; x_wconf 89' lang='lat' dir='ltr'><strong>qun</strong></span> <span class='ocrx_word' id='word_1_67' title='bbox 588 1467 700 1540; x_wconf 86' lang='lat' dir='ltr'><strong>fronto</strong></span> <span class='ocrx_word' id='word_1_68' title='bbox 713 1465 750 1538; x_wconf 93' lang='lat' dir='ltr'><strong>in</strong></span> <span class='ocrx_word' id='word_1_69' title='bbox 768 1465 835 1538; x_wconf 87' lang='lat' dir='ltr'><strong>hae</strong></span> <span class='ocrx_word' id='word_1_70' title='bbox 851 1473 949 1560; x_wconf 89' lang='lat' dir='ltr'><strong>parte</strong></span> <span class='ocrx_word' id='word_1_71' title='bbox 966 1463 1134 1538; x_wconf 83' lang='lat' dir='ltr'><strong>matraire</strong></span> <span class='ocrx_word' id='word_1_72' title='bbox 1147 1461 1279 1556; x_wconf 87' lang='lat' dir='ltr'><strong>justitie</strong></span> <span class='ocrx_word' id='word_1_73' title='bbox 1294 1461 1350 1533; x_wconf 84' lang='lat' dir='ltr'><strong>vel</strong></span> <span class='ocrx_word' id='word_1_74' title='bbox 1365 1459 1522 1532; x_wconf 87' lang='lat' dir='ltr'><strong>resistere</strong></span> <span class='ocrx_word' id='word_1_75' title='bbox 1534 1459 1670 1546; x_wconf 87' lang='lat' dir='ltr'><strong>veritati</strong></span> 
     </span>
    </p>
   </div>
   <div class='ocr_carea' id='block_1_3' title="bbox 201 1585 1677 4166">
    <p class='ocr_par' dir='ltr' id='par_1_3' title="bbox 201 1585 1677 4166">
     <span class='ocr_line' id='line_1_9' title="bbox 258 1585 1671 1688; baseline -0.006 -23"><span class='ocrx_word' id='word_1_76' title='bbox 258 1613 437 1688; x_wconf 86' lang='lat' dir='ltr'><strong>possemus</strong></span> <span class='ocrx_word' id='word_1_77' title='bbox 455 1591 551 1664; x_wconf 90' lang='lat' dir='ltr'><strong>nulla</strong></span> <span class='ocrx_word' id='word_1_78' title='bbox 567 1591 744 1686; x_wconf 85' lang='lat' dir='ltr'><strong>potuimus</strong></span> <span class='ocrx_word' id='word_1_79' title='bbox 769 1589 959 1685; x_wconf 80' lang='lat' dir='ltr'><strong>inlelligere</strong></span> <span class='ocrx_word' id='word_1_80' title='bbox 978 1589 1130 1676; x_wconf 89' lang='lat' dir='ltr'><strong>ratione,</strong></span> <span class='ocrx_word' id='word_1_81' title='bbox 1147 1609 1226 1660; x_wconf 90' lang='lat' dir='ltr'><strong>cnm</strong></span> <span class='ocrx_word' id='word_1_82' title='bbox 1244 1606 1306 1682; x_wconf 94' lang='lat' dir='ltr'><strong>pro</strong></span> <span class='ocrx_word' id='word_1_83' title='bbox 1325 1585 1521 1680; x_wconf 85' lang='lat' dir='ltr'><strong>suspicione</strong></span> <span class='ocrx_word' id='word_1_84' title='bbox 1541 1606 1611 1657; x_wconf 93' lang='lat' dir='ltr'><strong>non</strong></span> <span class='ocrx_word' id='word_1_85' title='bbox 1626 1585 1671 1658; x_wconf 85' lang='lat' dir='ltr'><strong>sit</strong></span> 
     </span>
     <span class='ocr_line' id='line_1_10' title="bbox 258 1707 1670 1810; baseline -0.004 -24"><span class='ocrx_word' id='word_1_86' title='bbox 258 1715 387 1788; x_wconf 84' lang='lat' dir='ltr'><strong>veritas</strong></span> <span class='ocrx_word' id='word_1_87' title='bbox 417 1712 657 1810; x_wconf 87' lang='lat' dir='ltr'><strong>relinquenda.</strong></span> <span class='ocrx_word' id='word_1_88' title='bbox 695 1715 821 1786; x_wconf 88' lang='lat' dir='ltr'><strong>Contra</strong></span> <span class='ocrx_word' id='word_1_89' title='bbox 857 1712 1090 1808; x_wconf 86' lang='lat' dir='ltr'><strong>suspicionem</strong></span> <span class='ocrx_word' id='word_1_90' title='bbox 1121 1720 1235 1784; x_wconf 86' lang='lat' dir='ltr'><strong>tamen</strong></span> <span class='ocrx_word' id='word_1_91' title='bbox 1267 1707 1467 1801; x_wconf 85' lang='lat' dir='ltr'><strong>hujusmodi</strong></span> <span class='ocrx_word' id='word_1_92' title='bbox 1499 1710 1670 1781; x_wconf 89' lang='lat' dir='ltr'><strong>cautelam</strong></span> 
     </span>
     <span class='ocr_line' id='line_1_11' title="bbox 257 1813 1672 1934; baseline -0.004 -24"><span class='ocrx_word' id='word_1_93' title='bbox 257 1847 575 1934; x_wconf 86' lang='lat' dir='ltr'><strong>quantamcumque</strong></span> <span class='ocrx_word' id='word_1_94' title='bbox 609 1837 785 1934; x_wconf 91' lang='lat' dir='ltr'><strong>potuimus</strong></span> <span class='ocrx_word' id='word_1_95' title='bbox 822 1837 1023 1912; x_wconf 86' lang='lat' dir='ltr'><strong>curavimus</strong></span> <span class='ocrx_word' id='word_1_96' title='bbox 1052 1813 1230 1908; x_wconf 66' lang='lat' dir='ltr'><strong>adhibere]</strong></span> <span class='ocrx_word' id='word_1_97' title='bbox 1260 1833 1347 1904; x_wconf 88' lang='lat' dir='ltr'><strong>Nam</strong></span> <span class='ocrx_word' id='word_1_98' title='bbox 1380 1830 1578 1904; x_wconf 90' lang='lat' dir='ltr'><strong>abeodem</strong></span> <span class='ocrx_word' id='word_1_99' title='bbox 1608 1853 1672 1904; x_wconf 92' lang='lat' dir='ltr'><strong>oo-</strong></span> 
     </span>
     <span class='ocr_line' id='line_1_12' title="bbox 259 1956 1672 2059; baseline -0.004 -23"><span class='ocrx_word' id='word_1_100' title='bbox 259 1963 341 2036; x_wconf 90' lang='lat' dir='ltr'><strong>mite</strong></span> <span class='ocrx_word' id='word_1_101' title='bbox 361 1961 414 2059; x_wconf 92' lang='lat' dir='ltr'><strong>(t)</strong></span> <span class='ocrx_word' id='word_1_102' title='bbox 432 1985 537 2059; x_wconf 86' lang='lat' dir='ltr'><strong>snper</strong></span> <span class='ocrx_word' id='word_1_103' title='bbox 553 1983 704 2054; x_wconf 89' lang='lat' dir='ltr'><strong>crucem,</strong></span> <span class='ocrx_word' id='word_1_104' title='bbox 722 1961 942 2056; x_wconf 79' lang='lat' dir='ltr'><strong>evangelium</strong></span> <span class='ocrx_word' id='word_1_105' title='bbox 960 1969 994 2036; x_wconf 92' lang='lat' dir='ltr'><strong>et</strong></span> <span class='ocrx_word' id='word_1_106' title='bbox 1017 1959 1179 2054; x_wconf 85' lang='lat' dir='ltr'><strong>reliquias</strong></span> <span class='ocrx_word' id='word_1_107' title='bbox 1205 1956 1400 2052; x_wconf 88' lang='lat' dir='ltr'><strong>recepimus</strong></span> <span class='ocrx_word' id='word_1_108' title='bbox 1418 1957 1556 2053; x_wconf 91' lang='lat' dir='ltr'><strong>publice</strong></span> <span class='ocrx_word' id='word_1_109' title='bbox 1570 1958 1672 2049; x_wconf 77' lang='lat' dir='ltr'><strong>iura-</strong></span> 
     </span>
     <span class='ocr_line' id='line_1_13' title="bbox 258 2081 1672 2183; baseline -0.002 -25"><span class='ocrx_word' id='word_1_110' title='bbox 258 2096 413 2160; x_wconf 91' lang='lat' dir='ltr'><strong>mentum</strong></span> <span class='ocrx_word' id='word_1_111' title='bbox 426 2085 524 2182; x_wconf 89' lang='lat' dir='ltr'><strong>quod</strong></span> <span class='ocrx_word' id='word_1_112' title='bbox 542 2108 609 2160; x_wconf 91' lang='lat' dir='ltr'><strong>noc</strong></span> <span class='ocrx_word' id='word_1_113' title='bbox 631 2109 694 2183; x_wconf 89' lang='lat' dir='ltr'><strong>per</strong></span> <span class='ocrx_word' id='word_1_114' title='bbox 718 2109 756 2160; x_wconf 89' lang='lat' dir='ltr'><strong>se</strong></span> <span class='ocrx_word' id='word_1_115' title='bbox 780 2109 845 2158; x_wconf 89' lang='lat' dir='ltr'><strong>nec</strong></span> <span class='ocrx_word' id='word_1_116' title='bbox 868 2107 929 2181; x_wconf 91' lang='lat' dir='ltr'><strong>per</strong></span> <span class='ocrx_word' id='word_1_117' title='bbox 946 2085 1055 2159; x_wconf 89' lang='lat' dir='ltr'><strong>alium</strong></span> <span class='ocrx_word' id='word_1_118' title='bbox 1077 2081 1333 2157; x_wconf 87' lang='lat' dir='ltr'><strong>machinabitur</strong></span> <span class='ocrx_word' id='word_1_119' title='bbox 1349 2081 1538 2176; x_wconf 90' lang='lat' dir='ltr'><strong>quicquam</strong></span> <span class='ocrx_word' id='word_1_120' title='bbox 1555 2091 1672 2156; x_wconf 88' lang='lat' dir='ltr'><strong>contra</strong></span> 
     </span>
     <span class='ocr_line' id='line_1_14' title="bbox 259 2205 1672 2306; baseline -0.004 -24"><span class='ocrx_word' id='word_1_121' title='bbox 259 2230 441 2304; x_wconf 87' lang='lat' dir='ltr'><strong>personam</strong></span> <span class='ocrx_word' id='word_1_122' title='bbox 459 2209 574 2304; x_wconf 77' lang='lat' dir='ltr'><strong>regis,</strong></span> <span class='ocrx_word' id='word_1_123' title='bbox 597 2209 763 2284; x_wconf 90' lang='lat' dir='ltr'><strong>honorem</strong></span> <span class='ocrx_word' id='word_1_124' title='bbox 783 2209 893 2306; x_wconf 88' lang='lat' dir='ltr'><strong>ipsius</strong></span> <span class='ocrx_word' id='word_1_125' title='bbox 908 2217 943 2282; x_wconf 87' lang='lat' dir='ltr'><strong>et</strong></span> <span class='ocrx_word' id='word_1_126' title='bbox 959 2229 1105 2303; x_wconf 82' lang='lat' dir='ltr'><strong>mgnum</strong></span> <span class='ocrx_word' id='word_1_127' title='bbox 1118 2205 1251 2296; x_wconf 91' lang='lat' dir='ltr'><strong>Sicilie,</strong></span> <span class='ocrx_word' id='word_1_128' title='bbox 1274 2205 1338 2280; x_wconf 89' lang='lat' dir='ltr'><strong>sed</strong></span> <span class='ocrx_word' id='word_1_129' title='bbox 1364 2226 1444 2277; x_wconf 90' lang='lat' dir='ltr'><strong>cum</strong></span> <span class='ocrx_word' id='word_1_130' title='bbox 1469 2213 1672 2298; x_wconf 86' lang='lat' dir='ltr'><strong>assequetur</strong></span> 
     </span>
     <span class='ocr_line' id='line_1_15' title="bbox 259 2329 1672 2430; baseline 0 -26"><span class='ocrx_word' id='word_1_131' title='bbox 259 2333 489 2430; x_wconf 87' lang='lat' dir='ltr'><strong>principatum</strong></span> <span class='ocrx_word' id='word_1_132' title='bbox 507 2345 542 2408; x_wconf 90' lang='lat' dir='ltr'><strong>et</strong></span> <span class='ocrx_word' id='word_1_133' title='bbox 559 2336 760 2408; x_wconf 89' lang='lat' dir='ltr'><strong>comitatum</strong></span> <span class='ocrx_word' id='word_1_134' title='bbox 782 2333 955 2430; x_wconf 88' lang='lat' dir='ltr'><strong>predictos</strong></span> <span class='ocrx_word' id='word_1_135' title='bbox 972 2333 1028 2406; x_wconf 87' lang='lat' dir='ltr'><strong>vel</strong></span> <span class='ocrx_word' id='word_1_136' title='bbox 1040 2333 1174 2426; x_wconf 88' lang='lat' dir='ltr'><strong>justum</strong></span> <span class='ocrx_word' id='word_1_137' title='bbox 1198 2329 1439 2421; x_wconf 84' lang='lat' dir='ltr'><strong>excambium,</strong></span> <span class='ocrx_word' id='word_1_138' title='bbox 1465 2329 1512 2402; x_wconf 91' lang='lat' dir='ltr'><strong>ad</strong></span> <span class='ocrx_word' id='word_1_139' title='bbox 1527 2329 1672 2404; x_wconf 89' lang='lat' dir='ltr'><strong>manda·</strong></span> 
     </span>
     <span class='ocr_line' id='line_1_16' title="bbox 260 2453 1673 2553; baseline -0.001 -23"><span class='ocrx_word' id='word_1_140' title='bbox 260 2466 334 2530; x_wconf 93' lang='lat' dir='ltr'><strong>tum</strong></span> <span class='ocrx_word' id='word_1_141' title='bbox 358 2467 513 2532; x_wconf 77' lang='lat' dir='ltr'><strong>nochum</strong></span> <span class='ocrx_word' id='word_1_142' title='bbox 531 2458 694 2553; x_wconf 86' lang='lat' dir='ltr'><strong>prestabit</strong></span> <span class='ocrx_word' id='word_1_143' title='bbox 711 2457 826 2534; x_wconf 92' lang='lat' dir='ltr'><strong>eidem</strong></span> <span class='ocrx_word' id='word_1_144' title='bbox 846 2458 919 2553; x_wconf 81' lang='lat' dir='ltr'><strong>regi</strong></span> <span class='ocrx_word' id='word_1_145' title='bbox 942 2457 1143 2532; x_wconf 88' lang='lat' dir='ltr'><strong>fidelitatem</strong></span> <span class='ocrx_word' id='word_1_146' title='bbox 1161 2463 1196 2529; x_wconf 90' lang='lat' dir='ltr'><strong>et</strong></span> <span class='ocrx_word' id='word_1_147' title='bbox 1214 2454 1408 2528; x_wconf 90' lang='lat' dir='ltr'><strong>hominium</strong></span> <span class='ocrx_word' id='word_1_148' title='bbox 1433 2453 1614 2529; x_wconf 83' lang='lat' dir='ltr'><strong>exhibebit</strong></span> <span class='ocrx_word' id='word_1_149' title='bbox 1638 2466 1673 2529; x_wconf 91' lang='lat' dir='ltr'><strong>et</strong></span> 
     </span>
     <span class='ocr_line' id='line_1_17' title="bbox 260 2578 1673 2676; baseline 0 -22"><span class='ocrx_word' id='word_1_150' title='bbox 260 2582 361 2656; x_wconf 90' lang='lat' dir='ltr'><strong>nobis</strong></span> <span class='ocrx_word' id='word_1_151' title='bbox 386 2591 457 2656; x_wconf 84' lang='lat' dir='ltr'><strong>tarn</strong></span> <span class='ocrx_word' id='word_1_152' title='bbox 482 2583 575 2675; x_wconf 75' lang='lat' dir='ltr'><strong>regis</strong></span> <span class='ocrx_word' id='word_1_153' title='bbox 594 2583 735 2656; x_wconf 89' lang='lat' dir='ltr'><strong>tutelam</strong></span> <span class='ocrx_word' id='word_1_154' title='bbox 760 2604 866 2676; x_wconf 89' lang='lat' dir='ltr'><strong>quarn</strong></span> <span class='ocrx_word' id='word_1_155' title='bbox 890 2581 988 2676; x_wconf 80' lang='lat' dir='ltr'><strong>regni</strong></span> <span class='ocrx_word' id='word_1_156' title='bbox 1015 2581 1146 2656; x_wconf 90' lang='lat' dir='ltr'><strong>balium</strong></span> <span class='ocrx_word' id='word_1_157' title='bbox 1174 2578 1385 2652; x_wconf 87' lang='lat' dir='ltr'><strong>assecurabit</strong></span> <span class='ocrx_word' id='word_1_158' title='bbox 1410 2579 1548 2674; x_wconf 92' lang='lat' dir='ltr'><strong>proprio</strong></span> <span class='ocrx_word' id='word_1_159' title='bbox 1571 2583 1673 2672; x_wconf 87' lang='lat' dir='ltr'><strong>jnra-</strong></span> 
     </span>
     <span class='ocr_line' id='line_1_18' title="bbox 260 2701 1672 2801; baseline -0.001 -25"><span class='ocrx_word' id='word_1_160' title='bbox 260 2713 388 2795; x_wconf 91' lang='lat' dir='ltr'><strong>mento,</strong></span> <span class='ocrx_word' id='word_1_161' title='bbox 405 2713 441 2778; x_wconf 91' lang='lat' dir='ltr'><strong>et</strong></span> <span class='ocrx_word' id='word_1_162' title='bbox 464 2703 561 2800; x_wconf 89' lang='lat' dir='ltr'><strong>quod</strong></span> <span class='ocrx_word' id='word_1_163' title='bbox 586 2705 679 2780; x_wconf 90' lang='lat' dir='ltr'><strong>bona</strong></span> <span class='ocrx_word' id='word_1_164' title='bbox 705 2702 776 2778; x_wconf 92' lang='lat' dir='ltr'><strong>lide</strong></span> <span class='ocrx_word' id='word_1_165' title='bbox 802 2725 865 2801; x_wconf 91' lang='lat' dir='ltr'><strong>pro</strong></span> <span class='ocrx_word' id='word_1_166' title='bbox 889 2725 992 2801; x_wconf 88' lang='lat' dir='ltr'><strong>posse</strong></span> <span class='ocrx_word' id='word_1_167' title='bbox 1014 2725 1078 2778; x_wconf 84' lang='lat' dir='ltr'><strong>ano</strong></span> <span class='ocrx_word' id='word_1_168' title='bbox 1096 2703 1143 2778; x_wconf 91' lang='lat' dir='ltr'><strong>ad</strong></span> <span class='ocrx_word' id='word_1_169' title='bbox 1162 2701 1399 2776; x_wconf 79' lang='lat' dir='ltr'><strong>defensionem</strong></span> <span class='ocrx_word' id='word_1_170' title='bbox 1417 2702 1508 2796; x_wconf 77' lang='lat' dir='ltr'><strong>regis</strong></span> <span class='ocrx_word' id='word_1_171' title='bbox 1524 2712 1559 2775; x_wconf 94' lang='lat' dir='ltr'><strong>et</strong></span> <span class='ocrx_word' id='word_1_172' title='bbox 1574 2703 1672 2797; x_wconf 81' lang='lat' dir='ltr'><strong>regni</strong></span> 
     </span>
     <span class='ocr_line' id='line_1_19' title="bbox 260 2826 1673 2924; baseline -0.001 -24"><span class='ocrx_word' id='word_1_173' title='bbox 260 2828 414 2902; x_wconf 91' lang='lat' dir='ltr'><strong>studebit</strong></span> <span class='ocrx_word' id='word_1_174' title='bbox 435 2837 553 2904; x_wconf 90' lang='lat' dir='ltr'><strong>contra</strong></span> <span class='ocrx_word' id='word_1_175' title='bbox 576 2829 691 2902; x_wconf 84' lang='lat' dir='ltr'><strong>hostes</strong></span> <span class='ocrx_word' id='word_1_176' title='bbox 715 2827 826 2924; x_wconf 91' lang='lat' dir='ltr'><strong>ipsius</strong></span> <span class='ocrx_word' id='word_1_177' title='bbox 846 2827 1075 2902; x_wconf 90' lang='lat' dir='ltr'><strong>:nominatim</strong></span> <span class='ocrx_word' id='word_1_178' title='bbox 1102 2835 1219 2902; x_wconf 91' lang='lat' dir='ltr'><strong>contra</strong></span> <span class='ocrx_word' id='word_1_179' title='bbox 1243 2826 1500 2918; x_wconf 89' lang='lat' dir='ltr'><strong>llarcualdum,</strong></span> <span class='ocrx_word' id='word_1_180' title='bbox 1528 2827 1673 2922; x_wconf 83' lang='lat' dir='ltr'><strong>ltiupul·</strong></span> 
     </span>
     <span class='ocr_line' id='line_1_20' title="bbox 262 2951 1674 3048; baseline -0.003 -21"><span class='ocrx_word' id='word_1_181' title='bbox 262 2951 365 3045; x_wconf 90' lang='lat' dir='ltr'><strong>dum,</strong></span> <span class='ocrx_word' id='word_1_182' title='bbox 384 2951 564 3026; x_wconf 92' lang='lat' dir='ltr'><strong>Oddonem</strong></span> <span class='ocrx_word' id='word_1_183' title='bbox 582 2953 628 3028; x_wconf 92' lang='lat' dir='ltr'><strong>de</strong></span> <span class='ocrx_word' id='word_1_184' title='bbox 643 2953 795 3027; x_wconf 80' lang='lat' dir='ltr'><strong>Lavimo</strong></span> <span class='ocrx_word' id='word_1_185' title='bbox 814 2959 848 3026; x_wconf 90' lang='lat' dir='ltr'><strong>et</strong></span> <span class='ocrx_word' id='word_1_186' title='bbox 870 2953 1020 3026; x_wconf 78' lang='lat' dir='ltr'><strong>fautores</strong></span> <span class='ocrx_word' id='word_1_187' title='bbox 1039 2953 1206 3048; x_wconf 89' lang='lat' dir='ltr'><strong>ipsorum.</strong></span> <span class='ocrx_word' id='word_1_188' title='bbox 1226 2951 1389 3026; x_wconf 82' lang='lat' dir='ltr'><strong>Similiter</strong></span> <span class='ocrx_word' id='word_1_189' title='bbox 1403 2961 1519 3024; x_wconf 88' lang='lat' dir='ltr'><strong>autem</strong></span> <span class='ocrx_word' id='word_1_190' title='bbox 1533 2953 1570 3025; x_wconf 89' lang='lat' dir='ltr'><strong>S.</strong></span> <span class='ocrx_word' id='word_1_191' title='bbox 1588 2973 1674 3024; x_wconf 86' lang='lat' dir='ltr'><strong>uxor</strong></span> 
     </span>
     <span class='ocr_line' id='line_1_21' title="bbox 261 3077 1674 3176; baseline 0 -24"><span class='ocrx_word' id='word_1_192' title='bbox 261 3087 296 3152; x_wconf 90' lang='lat' dir='ltr'><strong>et</strong></span> <span class='ocrx_word' id='word_1_193' title='bbox 310 3077 381 3154; x_wconf 90' lang='lat' dir='ltr'><strong>lilia</strong></span> <span class='ocrx_word' id='word_1_194' title='bbox 394 3079 571 3174; x_wconf 91' lang='lat' dir='ltr'><strong>qnondam</strong></span> <span class='ocrx_word' id='word_1_195' title='bbox 585 3079 679 3174; x_wconf 77' lang='lat' dir='ltr'><strong>regis</strong></span> <span class='ocrx_word' id='word_1_196' title='bbox 694 3078 880 3171; x_wconf 88' lang='lat' dir='ltr'><strong>Tancredi,</strong></span> <span class='ocrx_word' id='word_1_197' title='bbox 899 3101 990 3152; x_wconf 85' lang='lat' dir='ltr'><strong>uxor</strong></span> <span class='ocrx_word' id='word_1_198' title='bbox 1009 3078 1120 3176; x_wconf 84' lang='lat' dir='ltr'><strong>ipsius</strong></span> <span class='ocrx_word' id='word_1_199' title='bbox 1138 3078 1286 3168; x_wconf 89' lang='lat' dir='ltr'><strong>comitis,</strong></span> <span class='ocrx_word' id='word_1_200' title='bbox 1303 3078 1509 3170; x_wconf 89' lang='lat' dir='ltr'><strong>jnraverunt</strong></span> <span class='ocrx_word' id='word_1_201' title='bbox 1523 3078 1619 3174; x_wconf 89' lang='lat' dir='ltr'><strong>quod</strong></span> <span class='ocrx_word' id='word_1_202' title='bbox 1636 3077 1674 3152; x_wconf 93' lang='lat' dir='ltr'><strong>id</strong></span> 
     </span>
     <span class='ocr_line' id='line_1_22' title="bbox 261 3202 1675 3298; baseline 0.001 -23"><span class='ocrx_word' id='word_1_203' title='bbox 261 3214 430 3298; x_wconf 88' lang='lat' dir='ltr'><strong>qnantum</strong></span> <span class='ocrx_word' id='word_1_204' title='bbox 456 3204 493 3276; x_wconf 94' lang='lat' dir='ltr'><strong>in</strong></span> <span class='ocrx_word' id='word_1_205' title='bbox 515 3204 566 3278; x_wconf 90' lang='lat' dir='ltr'><strong>eis</strong></span> <span class='ocrx_word' id='word_1_206' title='bbox 587 3213 640 3278; x_wconf 83' lang='lat' dir='ltr'><strong>ast</strong></span> <span class='ocrx_word' id='word_1_207' title='bbox 663 3204 810 3279; x_wconf 86' lang='lat' dir='ltr'><strong>fideliter</strong></span> <span class='ocrx_word' id='word_1_208' title='bbox 832 3203 1068 3278; x_wconf 87' lang='lat' dir='ltr'><strong>observabunt</strong></span> <span class='ocrx_word' id='word_1_209' title='bbox 1091 3212 1127 3276; x_wconf 91' lang='lat' dir='ltr'><strong>et</strong></span> <span class='ocrx_word' id='word_1_210' title='bbox 1149 3202 1383 3298; x_wconf 92' lang='lat' dir='ltr'><strong>procurabunt</strong></span> <span class='ocrx_word' id='word_1_211' title='bbox 1398 3203 1495 3298; x_wconf 91' lang='lat' dir='ltr'><strong>apud</strong></span> <span class='ocrx_word' id='word_1_212' title='bbox 1512 3203 1675 3276; x_wconf 90' lang='lat' dir='ltr'><strong>eumdem</strong></span> 
     </span>
     <span class='ocr_line' id='line_1_23' title="bbox 201 3317 1675 3420; baseline 0 -20"><span class='ocrx_word' id='word_1_213' title='bbox 201 3317 208 3324; x_wconf 77' lang='grc'><strong>’</strong></span> <span class='ocrx_word' id='word_1_214' title='bbox 262 3327 422 3403; x_wconf 85' lang='lat' dir='ltr'><strong>comitem</strong></span> <span class='ocrx_word' id='word_1_215' title='bbox 440 3337 480 3401; x_wconf 94' lang='lat' dir='ltr'><strong>nt</strong></span> <span class='ocrx_word' id='word_1_216' title='bbox 496 3329 739 3402; x_wconf 84' lang='lat' dir='ltr'><strong>inviolabiliter</strong></span> <span class='ocrx_word' id='word_1_217' title='bbox 756 3328 972 3402; x_wconf 87' lang='lat' dir='ltr'><strong>observetur.</strong></span> <span class='ocrx_word' id='word_1_218' title='bbox 988 3329 1149 3400; x_wconf 89' lang='lat' dir='ltr'><strong>Potuerat</strong></span> <span class='ocrx_word' id='word_1_219' title='bbox 1162 3327 1268 3420; x_wconf 89' lang='lat' dir='ltr'><strong>enim,</strong></span> <span class='ocrx_word' id='word_1_220' title='bbox 1280 3326 1311 3400; x_wconf 87' lang='lat' dir='ltr'><strong>si</strong></span> <span class='ocrx_word' id='word_1_221' title='bbox 1325 3325 1503 3417; x_wconf 84' lang='lat' dir='ltr'><strong>voluisset,</strong></span> <span class='ocrx_word' id='word_1_222' title='bbox 1517 3325 1675 3400; x_wconf 88' lang='lat' dir='ltr'><strong>hostibus</strong></span> 
     </span>
     <span class='ocr_line' id='line_1_24' title="bbox 262 3448 1675 3546; baseline 0.004 -26"><span class='ocrx_word' id='word_1_223' title='bbox 262 3449 332 3522; x_wconf 89' lang='lat' dir='ltr'><strong>tuis</strong></span> <span class='ocrx_word' id='word_1_224' title='bbox 349 3449 435 3525; x_wconf 92' lang='lat' dir='ltr'><strong>addi</strong></span> <span class='ocrx_word' id='word_1_225' title='bbox 453 3459 583 3524; x_wconf 88' lang='lat' dir='ltr'><strong>etcum</strong></span> <span class='ocrx_word' id='word_1_226' title='bbox 600 3449 652 3524; x_wconf 90' lang='lat' dir='ltr'><strong>eis</strong></span> <span class='ocrx_word' id='word_1_227' title='bbox 668 3473 738 3524; x_wconf 94' lang='lat' dir='ltr'><strong>non</strong></span> <span class='ocrx_word' id='word_1_228' title='bbox 756 3452 868 3524; x_wconf 87' lang='lat' dir='ltr'><strong>solum</strong></span> <span class='ocrx_word' id='word_1_229' title='bbox 884 3453 943 3546; x_wconf 88' lang='lat' dir='ltr'><strong>jus</strong></span> <span class='ocrx_word' id='word_1_230' title='bbox 961 3471 1081 3544; x_wconf 88' lang='lat' dir='ltr'><strong>suum,</strong></span> <span class='ocrx_word' id='word_1_231' title='bbox 1099 3448 1164 3524; x_wconf 92' lang='lat' dir='ltr'><strong>sed</strong></span> <span class='ocrx_word' id='word_1_232' title='bbox 1181 3451 1249 3524; x_wconf 85' lang='lat' dir='ltr'><strong>alia</strong></span> <span class='ocrx_word' id='word_1_233' title='bbox 1266 3449 1370 3523; x_wconf 89' lang='lat' dir='ltr'><strong>etiam</strong></span> <span class='ocrx_word' id='word_1_234' title='bbox 1388 3470 1574 3545; x_wconf 91' lang='lat' dir='ltr'><strong>usurpare,</strong></span> <span class='ocrx_word' id='word_1_235' title='bbox 1590 3451 1675 3525; x_wconf 90' lang='lat' dir='ltr'><strong>fnis-</strong></span> 
     </span>
     <span class='ocr_line' id='line_1_25' title="bbox 261 3573 1677 3671; baseline 0.001 -25"><span class='ocrx_word' id='word_1_236' title='bbox 261 3583 385 3669; x_wconf 89' lang='lat' dir='ltr'><strong>setqne</strong></span> <span class='ocrx_word' id='word_1_237' title='bbox 405 3575 616 3650; x_wconf 90' lang='lat' dir='ltr'><strong>novissimus</strong></span> <span class='ocrx_word' id='word_1_238' title='bbox 632 3597 727 3650; x_wconf 90' lang='lat' dir='ltr'><strong>error</strong></span> <span class='ocrx_word' id='word_1_239' title='bbox 744 3578 840 3671; x_wconf 80' lang='lat' dir='ltr'><strong>pejor</strong></span> <span class='ocrx_word' id='word_1_240' title='bbox 856 3575 989 3670; x_wconf 88' lang='lat' dir='ltr'><strong>priore;</strong></span> <span class='ocrx_word' id='word_1_241' title='bbox 1009 3573 1150 3648; x_wconf 85' lang='lat' dir='ltr'><strong>sednon</strong></span> <span class='ocrx_word' id='word_1_242' title='bbox 1165 3573 1351 3646; x_wconf 86' lang='lat' dir='ltr'><strong>maluimus</strong></span> <span class='ocrx_word' id='word_1_243' title='bbox 1372 3573 1488 3669; x_wconf 87' lang='lat' dir='ltr'><strong>ipsum</strong></span> <span class='ocrx_word' id='word_1_244' title='bbox 1506 3574 1553 3648; x_wconf 90' lang='lat' dir='ltr'><strong>ad</strong></span> <span class='ocrx_word' id='word_1_245' title='bbox 1577 3576 1677 3671; x_wconf 74' lang='lat' dir='ltr'><strong>regni</strong></span> 
     </span>
     <span class='ocr_line' id='line_1_26' title="bbox 263 3694 1677 3795; baseline 0.004 -27"><span class='ocrx_word' id='word_1_246' title='bbox 263 3694 498 3772; x_wconf 78' lang='lat' dir='ltr'><strong>defensionem</strong></span> <span class='ocrx_word' id='word_1_247' title='bbox 522 3698 688 3773; x_wconf 87' lang='lat' dir='ltr'><strong>inducere</strong></span> <span class='ocrx_word' id='word_1_248' title='bbox 713 3699 814 3772; x_wconf 90' lang='lat' dir='ltr'><strong>acin</strong></span> <span class='ocrx_word' id='word_1_249' title='bbox 842 3697 1007 3772; x_wconf 89' lang='lat' dir='ltr'><strong>fidelitate</strong></span> <span class='ocrx_word' id='word_1_250' title='bbox 1029 3697 1125 3793; x_wconf 78' lang='lat' dir='ltr'><strong>regia</strong></span> <span class='ocrx_word' id='word_1_251' title='bbox 1153 3697 1275 3772; x_wconf 86' lang='lat' dir='ltr'><strong>fortine</strong></span> <span class='ocrx_word' id='word_1_252' title='bbox 1299 3696 1459 3770; x_wconf 91' lang='lat' dir='ltr'><strong>solidare.</strong></span> <span class='ocrx_word' id='word_1_253' title='bbox 1486 3697 1585 3772; x_wconf 92' lang='lat' dir='ltr'><strong>Unde</strong></span> <span class='ocrx_word' id='word_1_254' title='bbox 1600 3699 1677 3795; x_wconf 89' lang='lat' dir='ltr'><strong>ipse</strong></span> 
     </span>
     <span class='ocr_line' id='line_1_27' title="bbox 263 3821 1675 3918; baseline 0.004 -28"><span class='ocrx_word' id='word_1_255' title='bbox 263 3840 376 3916; x_wconf 91' lang='lat' dir='ltr'><strong>nuper</strong></span> <span class='ocrx_word' id='word_1_256' title='bbox 388 3843 532 3916; x_wconf 77' lang='lat' dir='ltr'><strong>regnum</strong></span> <span class='ocrx_word' id='word_1_257' title='bbox 548 3822 737 3917; x_wconf 77' lang='lat' dir='ltr'><strong>ingressus,</strong></span> <span class='ocrx_word' id='word_1_258' title='bbox 749 3822 846 3918; x_wconf 91' lang='lat' dir='ltr'><strong>qnod</strong></span> <span class='ocrx_word' id='word_1_259' title='bbox 858 3823 1034 3914; x_wconf 90' lang='lat' dir='ltr'><strong>juraverat</strong></span> <span class='ocrx_word' id='word_1_260' title='bbox 1051 3833 1231 3913; x_wconf 87' lang='lat' dir='ltr'><strong>executus,</strong></span> <span class='ocrx_word' id='word_1_261' title='bbox 1246 3843 1326 3893; x_wconf 91' lang='lat' dir='ltr'><strong>cum</strong></span> <span class='ocrx_word' id='word_1_262' title='bbox 1344 3821 1498 3894; x_wconf 86' lang='lat' dir='ltr'><strong>exercitu</strong></span> <span class='ocrx_word' id='word_1_263' title='bbox 1516 3845 1621 3917; x_wconf 91' lang='lat' dir='ltr'><strong>quem</strong></span> <span class='ocrx_word' id='word_1_264' title='bbox 1638 3823 1675 3896; x_wconf 93' lang='lat' dir='ltr'><strong>in</strong></span> 
     </span>
     <span class='ocr_line' id='line_1_28' title="bbox 263 3927 1675 4042; baseline 0.003 -27"><span class='ocrx_word' id='word_1_265' title='bbox 263 3943 411 4038; x_wconf 88' lang='lat' dir='ltr'><strong>propriis</strong></span> <span class='ocrx_word' id='word_1_266' title='bbox 432 3947 595 4041; x_wconf 85' lang='lat' dir='ltr'><strong>expensis</strong></span> <span class='ocrx_word' id='word_1_267' title='bbox 620 3945 666 4020; x_wconf 92' lang='lat' dir='ltr'><strong>de</strong></span> <span class='ocrx_word' id='word_1_268' title='bbox 688 3947 952 4019; x_wconf 86' lang='lat' dir='ltr'><strong>ultramontanis</strong></span> <span class='ocrx_word' id='word_1_269' title='bbox 976 3945 1131 4041; x_wconf 87' lang='lat' dir='ltr'><strong>partibus</strong></span> <span class='ocrx_word' id='word_1_270' title='bbox 1154 3967 1272 4018; x_wconf 91' lang='lat' dir='ltr'><strong>secum</strong></span> <span class='ocrx_word' id='word_1_271' title='bbox 1296 3945 1416 4039; x_wconf 86' lang='lat' dir='ltr'><strong>duxit,</strong></span> <span class='ocrx_word' id='word_1_272' title='bbox 1438 3946 1484 4019; x_wconf 91' lang='lat' dir='ltr'><strong>de</strong></span> <span class='ocrx_word' id='word_1_273' title='bbox 1500 3927 1675 4042; x_wconf 88' lang='lat' dir='ltr'><strong>Dinpnldo</strong></span> 
     </span>
     <span class='ocr_line' id='line_1_29' title="bbox 264 4067 1675 4166; baseline 0.004 -29"><span class='ocrx_word' id='word_1_274' title='bbox 264 4067 326 4161; x_wconf 89' lang='lat' dir='ltr'><strong>qui</strong></span> <span class='ocrx_word' id='word_1_275' title='bbox 342 4067 508 4141; x_wconf 89' lang='lat' dir='ltr'><strong>hactenus</strong></span> <span class='ocrx_word' id='word_1_276' title='bbox 525 4091 586 4165; x_wconf 88' lang='lat' dir='ltr'><strong>per</strong></span> <span class='ocrx_word' id='word_1_277' title='bbox 603 4079 713 4144; x_wconf 91' lang='lat' dir='ltr'><strong>totum</strong></span> <span class='ocrx_word' id='word_1_278' title='bbox 731 4093 877 4166; x_wconf 79' lang='lat' dir='ltr'><strong>regnum</strong></span> <span class='ocrx_word' id='word_1_279' title='bbox 902 4071 1018 4144; x_wconf 89' lang='lat' dir='ltr'><strong>Sicilie</strong></span> <span class='ocrx_word' id='word_1_280' title='bbox 1042 4071 1126 4143; x_wconf 91' lang='lat' dir='ltr'><strong>citra</strong></span> <span class='ocrx_word' id='word_1_281' title='bbox 1145 4071 1291 4166; x_wconf 90' lang='lat' dir='ltr'><strong>pharum</strong></span> <span class='ocrx_word' id='word_1_282' title='bbox 1316 4071 1459 4166; x_wconf 90' lang='lat' dir='ltr'><strong>impune</strong></span> <span class='ocrx_word' id='word_1_283' title='bbox 1479 4069 1675 4145; x_wconf 89' lang='lat' dir='ltr'><strong>discurrens</strong></span> 
     </span>
    </p>
   </div>
   <div class='ocr_carea' id='block_1_4' title="bbox 263 4315 1674 4781">
    <p class='ocr_par' dir='ltr' id='par_1_4' title="bbox 263 4315 1674 4781">
     <span class='ocr_line' id='line_1_30' title="bbox 300 4315 1674 4398; baseline 0.008 -24"><span class='ocrx_word' id='word_1_284' title='bbox 300 4315 338 4392; x_wconf 79' lang='lat' dir='ltr'><strong>(t)</strong></span> <span class='ocrx_word' id='word_1_285' title='bbox 357 4317 465 4376; x_wconf 85' lang='lat' dir='ltr'><strong>Scilicet</strong></span> <span class='ocrx_word' id='word_1_286' title='bbox 475 4319 627 4394; x_wconf 78' lang='lat' dir='ltr'><strong>liudtenrs,</strong></span> <span class='ocrx_word' id='word_1_287' title='bbox 635 4337 727 4382; x_wconf 84' lang='lat' dir='ltr'><strong>eomes</strong></span> <span class='ocrx_word' id='word_1_288' title='bbox 739 4323 909 4395; x_wconf 79' lang='lat' dir='ltr'><strong>brennensis,</strong></span> <span class='ocrx_word' id='word_1_289' title='bbox 918 4325 965 4398; x_wconf 88' lang='lat' dir='ltr'><strong>qui</strong></span> <span class='ocrx_word' id='word_1_290' title='bbox 976 4338 1047 4380; x_wconf 87' lang='lat' dir='ltr'><strong>anno</strong></span> <span class='ocrx_word' id='word_1_291' title='bbox 1059 4322 1229 4398; x_wconf 78' lang='lat' dir='ltr'><strong>praecedenti</strong></span> <span class='ocrx_word' id='word_1_292' title='bbox 1240 4323 1343 4380; x_wconf 90' lang='lat' dir='ltr'><strong>curiam</strong></span> <span class='ocrx_word' id='word_1_293' title='bbox 1356 4323 1502 4380; x_wconf 80' lang='lat' dir='ltr'><strong>Romanam</strong></span> <span class='ocrx_word' id='word_1_294' title='bbox 1511 4322 1674 4398; x_wconf 65' lang='lat' dir='ltr'><strong>adieramus</strong></span> 
     </span>
     <span class='ocr_line' id='line_1_31' title="bbox 264 4417 1673 4498; baseline 0.006 -25"><span class='ocrx_word' id='word_1_295' title='bbox 264 4417 336 4490; x_wconf 88' lang='lat' dir='ltr'><strong>quod</strong></span> <span class='ocrx_word' id='word_1_296' title='bbox 346 4417 382 4474; x_wconf 90' lang='lat' dir='ltr'><strong>ab</strong></span> <span class='ocrx_word' id='word_1_297' title='bbox 396 4433 479 4476; x_wconf 86' lang='lat' dir='ltr'><strong>uxore</strong></span> <span class='ocrx_word' id='word_1_298' title='bbox 491 4435 541 4478; x_wconf 81' lang='lat' dir='ltr'><strong>sua</strong></span> <span class='ocrx_word' id='word_1_299' title='bbox 556 4421 584 4478; x_wconf 90' lang='lat' dir='ltr'><strong>in</strong></span> <span class='ocrx_word' id='word_1_300' title='bbox 597 4422 725 4480; x_wconf 89' lang='lat' dir='ltr'><strong>comitatu</strong></span> <span class='ocrx_word' id='word_1_301' title='bbox 736 4423 800 4480; x_wconf 87' lang='lat' dir='ltr'><strong>licii</strong></span> <span class='ocrx_word' id='word_1_302' title='bbox 816 4429 844 4480; x_wconf 92' lang='lat' dir='ltr'><strong>et</strong></span> <span class='ocrx_word' id='word_1_303' title='bbox 857 4422 1009 4498; x_wconf 90' lang='lat' dir='ltr'><strong>principatu</strong></span> <span class='ocrx_word' id='word_1_304' title='bbox 1019 4421 1127 4480; x_wconf 80' lang='lat' dir='ltr'><strong>Tarenti</strong></span> <span class='ocrx_word' id='word_1_305' title='bbox 1138 4421 1247 4480; x_wconf 90' lang='lat' dir='ltr'><strong>tenebat</strong></span> <span class='ocrx_word' id='word_1_306' title='bbox 1257 4427 1392 4496; x_wconf 87' lang='lat' dir='ltr'><strong>repetens.</strong></span> <span class='ocrx_word' id='word_1_307' title='bbox 1410 4422 1449 4478; x_wconf 79' lang='lat' dir='ltr'><strong>lic</strong></span> <span class='ocrx_word' id='word_1_308' title='bbox 1465 4435 1518 4494; x_wconf 89' lang='lat' dir='ltr'><strong>quo</strong></span> <span class='ocrx_word' id='word_1_309' title='bbox 1527 4422 1586 4494; x_wconf 83' lang='lat' dir='ltr'><strong>jam</strong></span> <span class='ocrx_word' id='word_1_310' title='bbox 1595 4422 1673 4482; x_wconf 82' lang='lat' dir='ltr'><strong>fami·</strong></span> 
     </span>
     <span class='ocr_line' id='line_1_32' title="bbox 263 4509 1670 4594; baseline 0.009 -28"><span class='ocrx_word' id='word_1_311' title='bbox 263 4509 376 4570; x_wconf 76' lang='lat' dir='ltr'><strong>linibus</strong></span> <span class='ocrx_word' id='word_1_312' title='bbox 394 4515 466 4588; x_wconf 80' lang='lat' dir='ltr'><strong>regis</strong></span> <span class='ocrx_word' id='word_1_313' title='bbox 487 4517 633 4590; x_wconf 83' lang='lat' dir='ltr'><strong>scripserat</strong></span> <span class='ocrx_word' id='word_1_314' title='bbox 654 4520 828 4578; x_wconf 84' lang='lat' dir='ltr'><strong>Innocentius</strong></span> <span class='ocrx_word' id='word_1_315' title='bbox 844 4519 997 4594; x_wconf 87' lang='lat' dir='ltr'><strong>epistolam,</strong></span> <span class='ocrx_word' id='word_1_316' title='bbox 1017 4535 1087 4592; x_wconf 86' lang='lat' dir='ltr'><strong>quae</strong></span> <span class='ocrx_word' id='word_1_317' title='bbox 1107 4517 1253 4592; x_wconf 91' lang='lat' dir='ltr'><strong>plurimum</strong></span> <span class='ocrx_word' id='word_1_318' title='bbox 1274 4517 1431 4578; x_wconf 85' lang='lat' dir='ltr'><strong>cancelario</strong></span> <span class='ocrx_word' id='word_1_319' title='bbox 1447 4517 1594 4592; x_wconf 77' lang='lat' dir='ltr'><strong>displicuit.</strong></span> <span class='ocrx_word' id='word_1_320' title='bbox 1609 4521 1670 4580; x_wconf 82' lang='lat' dir='ltr'><strong>Vid</strong></span> 
     </span>
     <span class='ocr_line' id='line_1_33' title="bbox 264 4611 1672 4692; baseline 0.006 -22"><span class='ocrx_word' id='word_1_321' title='bbox 264 4611 336 4670; x_wconf 68' lang='grc' dir='ltr'><strong>θαι.</strong></span> <span class='ocrx_word' id='word_1_322' title='bbox 349 4613 441 4672; x_wconf 81' lang='lat' dir='ltr'><strong>lmoc.</strong></span> <span class='ocrx_word' id='word_1_323' title='bbox 455 4615 517 4685; x_wconf 85' lang='lat'><strong>111,</strong></span> <span class='ocrx_word' id='word_1_324' title='bbox 533 4631 594 4692; x_wconf 85' lang='lat' dir='ltr'><strong>cap.</strong></span> <span class='ocrx_word' id='word_1_325' title='bbox 608 4617 695 4678; x_wconf 83' lang='lat' dir='ltr'><strong>XXV.</strong></span> <span class='ocrx_word' id='word_1_326' title='bbox 705 4617 781 4690; x_wconf 85' lang='lat' dir='ltr'><strong>Quae</strong></span> <span class='ocrx_word' id='word_1_327' title='bbox 792 4624 942 4692; x_wconf 86' lang='lat' dir='ltr'><strong>sequuntur</strong></span> <span class='ocrx_word' id='word_1_328' title='bbox 953 4633 1039 4692; x_wconf 86' lang='lat' dir='ltr'><strong>nsque</strong></span> <span class='ocrx_word' id='word_1_329' title='bbox 1051 4618 1085 4675; x_wconf 88' lang='lat' dir='ltr'><strong>ad</strong></span> <span class='ocrx_word' id='word_1_330' title='bbox 1099 4615 1298 4676; x_wconf 67' lang='lat' dir='ltr'><strong>inuiolabiliter</strong></span> <span class='ocrx_word' id='word_1_331' title='bbox 1307 4615 1460 4675; x_wconf 69' lang='lat' dir='ltr'><strong>ctoewctm</strong></span> <span class='ocrx_word' id='word_1_332' title='bbox 1471 4616 1608 4676; x_wconf 76' lang='lat' dir='ltr'><strong>arcadem</strong></span> <span class='ocrx_word' id='word_1_333' title='bbox 1620 4618 1672 4679; x_wconf 83' lang='lat' dir='ltr'><strong>ista</strong></span> 
     </span>
     <span class='ocr_line' id='line_1_34' title="bbox 263 4708 570 4781; baseline 0.013 -15"><span class='ocrx_word' id='word_1_334' title='bbox 263 4708 375 4781; x_wconf 85' lang='lat' dir='ltr'><strong>epistola</strong></span> <span class='ocrx_word' id='word_1_335' title='bbox 388 4717 570 4770; x_wconf 86' lang='lat' dir='ltr'><strong>resumuntur.</strong></span> 
     </span>
    </p>
   </div>
   <div class='ocr_carea' id='block_1_5' title="bbox 0 0 2205 5954">
    <p class='ocr_par' dir='ltr' id='par_1_5' title="bbox 0 0 2205 5954">
     <span class='ocr_line' id='line_1_35' title="bbox 0 0 2205 5954; baseline 0 0"><span class='ocrx_word' id='word_1_336' title='bbox 0 0 2205 5954; x_wconf 95' lang='lat' dir='ltr'><strong> </strong></span> 
     </span>
    </p>
   </div>
  </div>
 </body>
</html>
