4382 5946
237 550 338 612 lenter.
355 550 396 626 l.]
688 543 885 606 HISTORIA
910 541 1200 604 ptuuoltltt'tctt
1586 538 1647 603 269

357 681 525 752 -Luurc,
542 676 610 740 Ccd
628 675 699 742 Ital.
718 677 848 759 dipicnn,
863 687 884 740 t.
900 681 947 758 11,
962 696 993 756 p.
1011 686 1081 738 tos.
1096 707 1137 722 -
1149 677 1374 752 Wunurwsrn,
1387 677 1461 740 Noc.
1475 673 1583 736 abbud.
1598 674 1646 736 di·

358 783 461 866 plcra„
476 791 501 848 t.
515 786 561 865 11,
575 802 603 862 p
619 793 687 846 118.
698 785 1001 860 -Paarz,-Mccem.
1015 784 1093 846 Birt.
1110 781 1217 856 Germ„
1231 788 1256 843 t.
1275 783 1328 856 tv,
1341 800 1372 860 p.
1388 778 1471 861 22⁴.)
1577 847 1580 856 ‚

286 947 325 1020 ln
342 917 482 1019 nomine
500 953 618 1017 sancte
633 953 668 1018 et
685 943 869 1018 individue
880 943 1063 1016 Trinitatis.
1077 941 1410 1014 Amenl'redericus
1424 943 1454 1013 ll
1468 941 1588 1016 divina
1600 943 1649 1015 la·

236 1081 339 1144 vente
352 1069 769 1142 clementiallomanornm
782 1089 846 1140 rex
859 1065 1646 1161 etsempereugustnsetrexSiciliellegnum

237 1203 391 1266 nostrum
407 1199 489 1264 tunc
503 1191 647 1262 stabiliri
662 1190 835 1264 credimus
856 1201 890 1262 et
911 1188 1135 1278 confidimus,
1157 1185 1235 1260 cuni
1249 1189 1460 1260 ditissimum
1482 1189 1526 1262 de
1547 1192 1647 1282 cujus

235 1340 342 1390 manu
353 1339 395 1389 ea
409 1338 479 1411 que
495 1314 713 1410 possidemus
728 1315 819 1387 hona
832 1315 1037 1409 recepimus,
1051 1313 1270 1385 honoramus.
1280 1315 1387 1385 Tanto
1398 1313 1491 1385 enim
1504 1313 1647 1385 Domino

234 1441 296 1536 qui
315 1442 405 1513 hona
424 1440 544 1512 tribuit
563 1439 663 1512 nohis
678 1439 724 1512 ad
739 1438 932 1512 offerendas
950 1437 1078 1510 hostias
1094 1439 1207 1533 operis
1225 1448 1260 1508 et
1275 1437 1468 1511 devotionis
1487 1437 1646 1532 astringi-

234 1590 326 1660 mur,
338 1576 468 1661 quanto
476 1566 590 1661 ipsum
598 1564 853 1638 misericordem
865 1565 902 1636 in
914 1564 1014 1637 nohis
1022 1575 1056 1638 et
1067 1564 1257 1636 mirabilem
1270 1563 1481 1658 experimur.
1495 1563 1645 1657 Cognos-

234 1701 350 1764 centes
370 1691 476 1784 igitur
492 1689 637 1782 gratiam
662 1709 732 1782 que
755 1689 836 1762 data
858 1697 910 1762 est
936 1688 1037 1761 nohis
1061 1689 1106 1760 ab
1132 1688 1220 1784 ipsc,
1240 1687 1406 1760 habentes
1424 1709 1564 1782 quoque
1583 1709 1644 1783 pre

233 1815 345 1888 oculis
364 1814 530 1886 immensa
549 1821 585 1886 et
599 1813 780 1886 innumera
794 1811 962 1886 beneficia
976 1821 1109 1904 vestra,
1130 1809 1480 1906 charissimedomine
1494 1821 1528 1884 et
1544 1833 1643 1884 reve·

233 1938 436 2011 rendissime
450 1945 559 2034 pater,
572 1947 741 2033 protector
756 1945 791 2010 et
801 1937 998 2010 benefactor
1012 1945 1139 2026 noster,
1151 1933 1291 2010 domine
1298 1935 1475 2008 Innocenti
1488 1936 1550 2008 Dei
1566 1959 1643 2030 gra·

232 2063 280 2135 tia
298 2085 432 2136 summe
450 2063 606 2158 pontifex
619 2061 836 2154 venerande,
857 2082 918 2157 per
931 2062 1031 2153 cujus
1043 2059 1268 2152 beneficium,
1289 2083 1429 2156 operam
1448 2071 1483 2132 et
1500 2061 1640 2134 tutelam

232 2185 304 2260 aliti
323 2207 462 2280 sumus,
481 2187 624 2282 protecti
644 2187 771 2282 pariter
787 2197 821 2259 et
842 2188 1006 2282 promoti,
1026 2196 1206 2282 postquam
1222 2187 1258 2257 in
1277 2184 1542 2258 sollicitudinem
1555 2207 1642 2258 vcs-

232 2319 319 2384 trum
333 2319 443 2383 mater
463 2320 578 2383 nostra
597 2311 706 2383 lelicis
730 2310 893 2384 memorie
909 2309 1105 2383 Constantia
1120 2309 1323 2405 imperatrix
1339 2319 1375 2382 et
1391 2310 1506 2382 Sicilie
1521 2311 1641 2404 regina

231 2455 277 2507 ex
296 2433 372 2528 ipso
385 2433 485 2528 quusi
501 2444 599 2508 utero
617 2455 680 2507 nos
693 2435 853 2528 jactavit;
870 2435 982 2527 vobis,
994 2433 1189 2508 beatissime
1200 2443 1309 2530 pater,
1327 2443 1361 2506 et
1377 2434 1540 2506 omnibus
1557 2456 1642 2506 suu-

231 2557 425 2629 cessorihus
455 2557 580 2633 vestris
607 2558 782 2631 catholicis
807 2567 992 2652 sancteque
1018 2559 1169 2632 Romane
1194 2559 1345 2631 Ecclesie
1374 2558 1514 2653 speciali
1541 2559 1640 2630 matri

231 2689 345 2753 nostre
367 2703 504 2754 omnem
528 2681 778 2774 obedientiam,
797 2681 1089 2756 honorificentiam
1120 2691 1225 2776 atquc
1255 2683 1481 2754 reverentiam
1505 2703 1642 2777 semper·

230 2803 353 2876 humili
375 2805 479 2879 corde
497 2827 538 2878 ac
557 2807 683 2880 devoto
707 2807 830 2901 spiritu
849 2806 1110 2902 impendemus,
1127 2828 1232 2902 quam
1249 2805 1507 2900 predecessores
1533 2807 1639 2879 nostri

230 2950 328 3024 reges
340 2939 374 3002 et
386 2929 608 3024 imperatores
618 2930 775 3003 catholici
788 2932 913 3003 vestris
925 2931 1199 3004 antecessoribus
1213 2929 1425 3026 impendisse
1436 2942 1636 3023 noscuntur,

229 3051 316 3123 nihil
334 3073 380 3125 ex
397 3053 452 3125 his
469 3055 627 3127 veientes
645 3054 806 3147 diminui,
821 3053 885 3128 sed
897 3056 1008 3148 magis
1025 3055 1165 3149 augeri,
1183 3064 1223 3126 ut
1240 3065 1354 3127 nostra
1373 3053 1512 3127 devotio
1530 3053 1640 3149 magis

228 3175 407 3250 enitescat.
418 3178 516 3250 lllum
527 3177 633 3272 igitur
642 3179 798 3251 volentes
808 3179 946 3252 abolere
954 3181 1102 3252 abusum
1110 3201 1215 3273 quem
1227 3177 1400 3252 interdum
1412 3177 1555 3273 quidam
1567 3201 1640 3274 pre

228 3299 448 3374 decessorum
463 3311 656 3374 nostrorum
668 3303 866 3377 exercuisse
881 3304 1132 3398 dignoscuntur
1145 3313 1180 3375 et
1191 3303 1353 3376 dicuntur
1366 3303 1403 3374 in
1415 3303 1638 3376 electionibus
1762 3347 1766 3358 ·

228 3425 455 3518 prelatorum,
476 3425 700 3499 concedimus
725 3435 761 3499 et
782 3429 956 3501 sancimus
974 3441 1013 3499 ut
1029 3427 1211 3500 electiones
1237 3427 1445 3522 prelatorum
1473 3428 1580 3500 libere
1603 3437 1639 3500 et

227 3549 393 3620 canonice
423 3547 507 3622 liant
535 3561 706 3645 quatenus
736 3549 795 3623 ille
820 3551 1016 3647 preficiatur
1046 3551 1190 3624 ecclesie
1219 3551 1363 3624 viduata
1394 3573 1499 3646 quem
1527 3559 1637 3626 totum

226 3671 416 3766 capitulum
434 3673 490 3745 vel
507 3675 616 3767 major
635 3684 670 3747 et
687 3675 802 3748 sanior
822 3697 903 3771 pars
925 3675 1034 3771 ipsius
1054 3677 1192 3749 duxerit
1211 3675 1429 3767 eligendum,
1447 3675 1638 3750 dummodo

226 3793 313 3866 nihil
337 3795 448 3868 obstet
467 3795 500 3868 ei
521 3797 567 3870 de
588 3799 762 3872 canonicis
779 3799 955 3872 institutis.
974 3800 1228 3897 Appellatioues
1246 3811 1361 3873 antem
1379 3801 1415 3872 in
1435 3803 1588 3897 negociis
1603 3813 1639 3876 et

226 3919 340 3992 causis
355 3919 594 3994 ecclesiasticis
609 3922 655 3995 ad
666 3922 790 3996 Sedem
806 3923 1037 4019 Apostolicam
1053 3925 1161 3998 libere
1176 3923 1276 4016 liant;
1295 3948 1413 3998 earum
1428 3929 1637 4021 prosecutio·

225 4063 306 4114 nem
323 4041 399 4116 sive
416 4065 613 4138 processum
632 4046 747 4120 nullus
765 4047 935 4144 impedire
954 4060 1142 4145 presumat.
1160 4051 1259 4122 lllum
1276 4071 1415 4146 quoque
1432 4051 1636 4126 dimittimus

225 4175 260 4238 et
274 4167 465 4240 refutamus
479 4169 627 4242 abusum
647 4192 750 4266 quem
769 4171 807 4244 in
825 4171 1038 4268 occupandis
1052 4173 1152 4247 bonis
1171 4173 1412 4247 decedentium
1426 4177 1634 4270 prelatorum

222 4291 404 4364 autetiam
424 4294 646 4366 ecclesiarum
664 4297 878 4390 vacantium,
899 4299 1006 4371 nostri
1022 4307 1275 4371 consueverunt
1289 4305 1519 4371 antecessores
1540 4321 1634 4371 com-

224 4415 360 4489 mittere
377 4438 440 4512 pro
456 4428 555 4490 motu
573 4420 709 4516 proprie
726 4421 931 4513 voluntatis;
952 4422 1067 4495 omnia
1084 4445 1167 4496 veru
1183 4421 1375 4519 spiritualia
1389 4422 1490 4495 vobis
1507 4433 1542 4498 et
1557 4423 1636 4498 aliis

224 4540 446 4615 ecclesiarum
469 4544 609 4638 prelatis
630 4545 859 4640 relinquimus
877 4546 985 4618 libere
1003 4546 1240 4642 disponenda,
1261 4555 1300 4618 ut
1318 4567 1388 4641 que
1406 4555 1488 4619 sunt
1503 4545 1635 4624 Cesaris

227 4663 341 4739 Cesari
355 4676 390 4740 et
402 4689 472 4763 que
484 4679 565 4742 sunt
577 4669 638 4743 Dei
651 4671 723 4744 Deo
735 4681 828 4746 recta
838 4671 1079 4746 distributione
1090 4671 1291 4746 reddantur.
1303 4674 1414 4768 Super
1425 4671 1634 4749 eradicando
