4382 5946
1068 575 1284 640 intuuntur
1310 581 1484 642 SSClllllll
1791 576 1873 658 [dn.
1894 577 1980 641 1214

619 1153 852 1261 Fridericus,
871 1152 1134 1237 Romanorum
1151 1180 1238 1261 rex,
1258 1153 1438 1238 ccclesiae
1455 1155 1617 1239 fratrum
1632 1157 1760 1240 Sancti
1783 1155 1977 1266 Septdchri

567 1288 669 1398 apud
688 1287 858 1396 spiram,
877 1287 1132 1397 Dietbrucgen
1151 1288 1292 1392 dictae,
1318 1288 1516 1372 eeclesiam
1533 1289 1744 1398 Kiroheim,
1763 1316 1853 1374 cum
1867 1291 1979 1372 deci-

566 1423 640 1504 mis
657 1420 835 1506 villarum
853 1421 946 1504 illuc
961 1421 1233 1531 pertinentium
1246 1434 1284 1504 et
1299 1422 1520 1506 nominihus
1537 1449 1822 1534 expressarum,
1842 1424 1977 1532 donat,

566 1555 750 1666 illamque
766 1553 996 1640 monasterio
1010 1553 1261 1637 Denkendorf
1274 1553 1438 1664 subjicit.

646 1782 778 1857 (ltdltnrn
791 1797 839 1858 ap.
852 1779 980 1840 Musaue
998 1777 1103 1854 seua,
1122 1783 1146 1838 t.
1165 1777 1267 1851 XXX,
1282 1793 1313 1855 p.
1329 1786 1439 1856 aaut,
1451 1785 1486 1838 n·
1498 1775 1602 1840 ltctx.
1621 1778 1978 1858 Sigillumqnudappeu-

683 1889 774 1950 debat
786 1889 883 1966 perlit,
895 1885 1113 1947 remanentibus
1126 1892 1226 1945 tamen
1239 1883 1299 1946 tllts
1309 1885 1463 1946 sertela-
1468 1883 1574 1962 Denuo
1582 1887 1758 1964 impressum
1766 1902 1814 1964 ap.
1823 1885 1976 1958 Βιιιιιιιιι,

686 1993 779 2056 cae.
793 1991 846 2054 der
863 1990 1018 2054 stom
1031 1989 1240 2066 thubuicru,
1254 1999 1278 2053 t.
1294 1993 1343 2066 ll,
1358 2009 1387 2070 p.
1407 1992 1490 2070 374.)

616 2199 653 2268 ln
676 2193 816 2268 numine
843 2201 961 2264 sancte
987 2202 1022 2264 et
1043 2189 1227 2263 individue
1250 2189 1437 2262 Trinitatis.
1460 2189 1675 2273 Fridericns,
1699 2189 1820 2263 divina
1842 2191 1978 2263 favente

568 2319 748 2392 clementia
771 2319 1002 2390 Romanorum
1030 2336 1115 2406 rex,
1142 2335 1278 2407 semper
1296 2325 1484 2408 augustus,
1505 2323 1540 2386 et
1562 2335 1627 2388 rex
1655 2313 1784 2386 Sicilie.
1810 2313 1903 2386 lieet
1932 2312 1976 2386 ad

566 2466 687 2518 omues
703 2443 770 2516 sibi
795 2442 969 2534 subjectos
991 2441 1117 2534 regalis
1134 2440 1316 2512 clementia
1336 2461 1478 2512 manum
1499 2460 1563 2510 sue
1580 2439 1746 2532 largitatis
1763 2438 1978 2510 consueverit

567 2567 776 2658 extendere,
801 2566 985 2662 specialius
1003 2575 1118 2636 tamen
1136 2563 1290 2636 ecclesiis
1304 2563 1367 2636 Dei
1387 2573 1422 2636 et
1440 2563 1679 2635 ecclesiasticis
1695 2563 1852 2659 personis
1869 2563 1977 2636 bena

567 2695 646 2767 licia
675 2693 806 2789 potiora
832 2693 1028 2785 frequenter
1055 2689 1237 2762 cousuevit
1259 2687 1436 2760 exhibere.
1466 2687 1552 2760 lude
1577 2687 1746 2783 estquod
1770 2687 1976 2762 nosadver-

567 2829 679 2894 tentes
701 2819 916 2890 honestatem
944 2817 1089 2887 fratrum
1116 2813 1261 2886 ecclesie
1289 2813 1405 2886 Sancti
1432 2812 1588 2908 Sepulcri
1619 2811 1887 2885 deservientium
1916 2833 1978 2885 co-

569 2945 799 3036 rumdemque
813 2938 1068 3030 necessitatem,
1088 2947 1128 3010 nt
1141 2937 1358 3012 commodius
1375 2946 1409 3010 ct
1429 2935 1572 3009 liberius
1589 2937 1722 3034 possint
1735 2935 1858 3010 divino
1873 2935 1978 3008 cultui

570 3067 728 3141 insistere
753 3074 788 3138 ct
817 3063 1077 3136 habundantius
1107 3063 1144 3134 in
1178 3063 1252 3136 suis
1281 3061 1545 3136 necessitatibus
1570 3061 1772 3158 temporalia
1800 3061 1979 3134 commoda

570 3193 762 3289 percipere,
780 3189 825 3263 de
841 3189 1000 3281 largitate
1016 3187 1123 3280 regia,
1146 3208 1208 3282 pro
1226 3186 1336 3260 salute
1352 3195 1424 3258 ιιιιι
1443 3195 1559 3258 nosha
1575 3207 1680 3280 quam
1696 3195 1875 3280 parentum
1893 3206 1979 3258 nos·

570 3330 719 3406 trorum,
740 3315 911 3388 donamus
928 3323 963 3384 et
977 3313 1012 3384 iu
1031 3321 1232 3407 perpetuam
1253 3309 1496 3406 proprietatem
1521 3310 1688 3403 largimur
1709 3310 1891 3382 ecclesiam
1912 3331 1980 3402 que

569 3441 731 3514 Kirchein
750 3441 890 3528 dicitur,
908 3461 989 3510 cum
1005 3437 1167 3510 omnihus
1181 3435 1368 3508 attinentiis
1385 3436 1473 3528 ejus,
1494 3433 1657 3508 videlicet
1672 3456 1751 3506 cum
1770 3433 1852 3506 dote
1869 3443 1904 3506 et
1919 3433 1980 3506 de-

569 3567 667 3640 cimis
684 3575 719 3640 et
734 3565 934 3638 hominihus
956 3563 1138 3657 utriusque
1159 3583 1267 3633 sexus
1283 3569 1318 3634 et
1334 3581 1414 3632 cnm
1435 3561 1530 3632 omni
1544 3561 1624 3653 juro
1640 3581 1723 3650 suo,
1740 3569 1775 3631 et
1791 3557 1980 3654 specialiter

567 3695 627 3784 jus
653 3699 852 3786 patronatus
869 3687 965 3782 quod
992 3688 1029 3758 in
1050 3696 1236 3758 memorata
1262 3685 1408 3758 ecclesia
1435 3683 1670 3775 habebamus,
1701 3684 1846 3756 ecclesie
1866 3683 1978 3756 Sancti

569 3814 724 3911 sepulcri
750 3811 844 3909 apud
868 3813 1000 3908 Spiram
1024 3813 1176 3905 sitaque
1197 3810 1425 3904 Diethruogen
1442 3807 1495 3904 (l)
1517 3817 1757 3904 nuncupatur;
1776 3807 1823 3880 ita
1841 3815 1881 3880 ut
1897 3827 1979 3903 pro·

568 3940 659 4013 visio
689 3941 764 4010 siva
788 3937 984 4034 procuratio
1007 3935 1100 4007 illius
1122 3935 1266 4010 ecclesis
1287 3933 1324 4006 in
1342 3933 1519 4006 voluumte
1540 3943 1576 4006 et
1599 3941 1766 4030 potestate
1788 3931 1978 4006 Meiuhardi

606 4225 641 4300 (tl
660 4221 840 4282 bietbmckeu
853 4221 903 4278 tuit
916 4220 1107 4278 monasterium
1119 4217 1274 4277 monialium
1286 4217 1386 4276 ordinis
1393 4217 1581 4275 canonicorum
1593 4213 1753 4289 mgularium
1765 4213 1854 4272 Sancti
1863 4213 1980 4290 sepulcri

571 4323 643 4399 apud
656 4323 776 4396 spiram,
794 4320 866 4394 quod
880 4321 936 4392 jaru
951 4335 1012 4376 anu.
1029 4321 1099 4375 taut
1111 4317 1215 4374 animm
1228 4315 1279 4372 luit
1290 4316 1453 4373 munasterio
1463 4313 1584 4389 ejusdem
1595 4313 1695 4371 ordinis
1708 4312 1897 4370 canonicorum
1908 4313 1981 4368 Den-

571 4421 684 4480 lreudorl
694 4421 722 4478 in
732 4419 933 4491 wurtemberg.
943 4417 985 4474 ct.
996 4417 1124 4474 chronic.
1133 4417 1250 4488 episcop.
1259 4415 1336 4488 Spu.
1346 4429 1390 4488 ap.
1399 4405 1677 4482 Wunnrwnrs,Neu.
1690 4409 1803 4478 rotun,
1816 4415 1837 4466 t.
1845 4409 1868 4477 l,
1880 4425 1908 4482 p.
1919 4409 1980 4476 llo,

572 4526 602 4578 et
626 4519 741 4594 diploma
765 4517 878 4575 Conradi
897 4516 1016 4592 episcopi
1038 4513 1186 4588 Spirensis,
1208 4529 1270 4569 ann.
1287 4514 1367 4584 tacu,
1384 4527 1466 4586 super
1486 4511 1540 4568 hac
1559 4509 1787 4584 incorporatione,
1801 4523 1846 4580 ap.
1859 4505 1981 4562 eumdem

571 4619 778 4687 Wuaurwstu,
794 4613 917 4682 setrid„
937 4619 958 4669 t.
978 4612 1011 4682 V,
1028 4629 1056 4685 p.
1071 4612 1134 4682 267,
1151 4626 1225 4667 uum.
1242 4611 1286 4666 93.
1301 4607 1458 4668 conteratur
1470 4607 1551 4666 etiam
1565 4607 1687 4679 bmonu,
1702 4607 1820 4665 Monost.
1834 4600 1981 4672 theett,

571 4716 636 4773 edit.
652 4716 690 4779 κ’,
706 4731 735 4789 p.
751 4715 811 4772 ttt.
