4378 5954
524 572 565 635 98
1025 573 1239 636 nntounlcl
1264 573 1436 634 succum
1747 573 1828 651 [llam.
1847 575 1934 636 latta

531 731 636 800 quam
660 707 705 782 do
727 717 761 782 te
778 709 945 803 suspicari
963 709 1108 799 sinistri,
1134 729 1212 780 curn
1229 707 1333 783 iidem
1352 718 1386 782 et
1404 709 1622 782 devotionem
1640 718 1752 796 tuam,
1776 722 1938 784 constan·

529 835 612 906 tiam
634 844 668 905 et
689 834 922 906 fortitudinem
945 834 1116 906 inmollis
1137 835 1305 906 fuerimus
1320 836 1392 926 jam
1410 834 1556 929 experti.
1577 835 1663 906 Nam
1682 835 1764 928 quis
1783 836 1937 909 crederet

529 981 612 1030 sane
631 959 755 1032 mentis
769 959 863 1053 quod
879 959 1058 1031 occasione
1074 956 1307 1030 contrahendo
1322 958 1496 1030 affinitatis
1510 959 1568 1030 vel
1585 958 1803 1052 obligationis
1820 962 1937 1052 cujus·

527 1084 628 1172 libet,
651 1105 730 1154 eum
750 1084 925 1156 desereres
943 1091 978 1154 et
994 1084 1160 1174 abjiceres
1177 1105 1280 1178 quem
1301 1085 1422 1154 creasti
1444 1091 1479 1155 et
1495 1083 1544 1154 illi
1563 1083 1747 1156 adhereres
1760 1083 1886 1177 pariter
1903 1095 1938 1157 et

526 1211 659 1280 faveres
677 1207 803 1303 (oqui
829 1208 864 1278 in
889 1207 1100 1280 Coloniensis
1125 1208 1269 1280 ecclesie
1291 1230 1333 1279 ac
1357 1216 1415 1279 tue
1442 1229 1588 1302 persone
1610 1215 1864 1302 contemptum,
1890 1207 1937 1282 ad

525 1355 629 1429 qnam
647 1334 838 1430 specialiter
856 1334 945 1406 inter
965 1333 1116 1427 reliquos
1134 1334 1308 1428 principes
1325 1333 1446 1405 electio
1462 1333 1555 1426 regis
1573 1341 1722 1427 spectat,
1740 1353 1802 1426 per
1819 1335 1937 1405 intru-

525 1461 632 1531 sionis
650 1459 773 1532 vitium
799 1481 924 1531 nomen
945 1459 1011 1530 sibi
1032 1459 1167 1551 regium
1182 1458 1382 1552 usurpavit,
1400 1466 1435 1530 et
1454 1457 1489 1528 in
1508 1458 1621 1548 majus
1634 1457 1686 1528 tui
1703 1456 1843 1529 honoris
1857 1457 1936 1530 dis-

524 1585 690 1680 pendium
710 1593 744 1655 et
761 1605 905 1678 persone
924 1581 1138 1678 despectum,
1156 1604 1236 1653 cum
1255 1591 1292 1652 tu
1312 1578 1528 1652 solummodo
1546 1601 1645 1674 reges
1663 1579 1699 1650 in
1714 1579 1936 1675 imperatores

524 1711 650 1781 clectos
669 1730 831 1780 coronare
856 1707 985 1780 debeas
1012 1729 1059 1780 ex
1085 1707 1227 1799 antiqua
1254 1705 1466 1778 Coloniensis
1491 1705 1634 1778 ecclesie
1663 1704 1848 1796 dignitate,
1875 1727 1937 1800 per

524 1833 817 1906 Tarantasiensem
841 1833 1138 1927 archiepiscopum
1159 1831 1287 1926 imponi
1306 1831 1373 1902 sibi
1392 1830 1472 1902 fecit
1493 1830 1629 1922 regium
1646 1828 1832 1902 diadema?
1850 1831 1936 1915 Quis

462 2009 465 2014 -
525 1959 628 2030 etiam
647 1957 813 2048 crederet,
840 1979 919 2028 cum
945 1957 1110 2028 hactenus
1128 1955 1268 2053 pondus
1286 1955 1357 2028 diei
1375 1955 1519 2048 portaris
1536 1963 1571 2026 et
1588 1962 1700 2045 estus,
1721 1953 1818 2048 quod
1842 1976 1936 2028 nunc

525 2083 661 2154 labores
675 2091 711 2152 et
727 2101 898 2174 expensas
914 2081 1000 2152 velis
1015 2080 1169 2152 amittere
1184 2101 1270 2172 quas
1288 2100 1349 2174 pro
1362 2077 1560 2150 defensione
1573 2077 1739 2150 carissimi
1753 2079 1790 2148 in
1805 2077 1935 2151 Chrmto

527 2205 589 2278 filii
621 2206 725 2277 nostri
750 2205 890 2276 illustris
916 2205 1006 2298 regis
1032 2203 1165 2275 Ottonis
1191 2205 1226 2274 in
1250 2205 1482 2274 Romanorum
1511 2203 1751 2296 imperatorem
1775 2203 1874 2274 electi
1901 2211 1936 2276 et

523 2331 612 2422 juris
631 2329 842 2402 Coloniensis
859 2329 1018 2416 ecclesie,
1040 2327 1146 2398 immo
1164 2328 1281 2399 verius
1299 2327 1349 2398 tui
1368 2327 1467 2418 facti,
1489 2322 1762 2423 subisti.[Pergit
1779 2329 1935 2422 pontifex

525 2453 742 2528 ostendendo
763 2474 867 2548 quam
887 2475 1008 2548 parum
1027 2452 1193 2524 ecclesiae
1214 2451 1405 2523 Coloniensi
1430 2449 1611 2547 proliceret
1631 2451 1661 2523 si
1685 2450 1761 2545 ipse
1777 2452 1935 2547 Philippo

525 2583 613 2654 forte
630 2579 839 2668 adhaeserit,
855 2601 964 2672 quum
984 2577 1042 2648 ille
1061 2599 1130 2649 nou
1147 2579 1255 2672 possit
1270 2577 1429 2650 oblivisci
1446 2577 1593 2671 qualiter
1610 2576 1710 2669 qnasi
1728 2577 1822 2648 solus
1835 2597 1935 2648 suam

525 2704 803 2800 archiepiscopus
826 2702 1074 2796 promotionem
1103 2699 1328 2798 impedierit]
1349 2702 1438 2787 Quia
1462 2723 1545 2794 ergo
1569 2703 1670 2796 plene
1687 2699 1733 2774 de
1750 2699 1935 2796 prudentia

524 2841 582 2903 tna
601 2839 635 2902 et
654 2829 859 2900 discretione
882 2826 1089 2900 confidimus
1108 2837 1142 2899 et
1164 2837 1231 2900 tam
1256 2828 1300 2901 de
1322 2827 1513 2900 constantia
1533 2847 1638 2920 quam
1660 2824 1825 2897 fidelitate
1849 2847 1934 2920 spe-

524 2978 654 3046 ramus,
677 2955 762 3025 nihil
783 2954 847 3025 tale
863 2953 907 3025 de
925 2962 958 3022 te
975 2953 1112 3049 penitus
1125 2953 1356 3046 suspicantes,
1379 2951 1623 3024 fraternitatem
1642 2959 1736 3021 tuam
1754 2971 1933 3021 monemus

524 3093 557 3154 et
587 3081 810 3153 exhortamur
836 3077 999 3184 attentius
1029 3089 1063 3150 et
1091 3100 1152 3173 per
1181 3078 1367 3172 apostolica
1398 3077 1526 3172 scripta
1556 3077 1623 3148 sub
1651 3077 1794 3148 obtentu
1827 3075 1933 3170 gratie

524 3215 639 3278 nostre
658 3203 809 3276 districte
827 3203 1050 3298 precipiendo
1069 3204 1274 3275 mandamus
1292 3211 1463 3296 quatenus
1480 3203 1516 3272 in
1537 3210 1596 3274 tue
1618 3201 1743 3272 mentis
1760 3201 1933 3295 proposito

522 3350 747 3425 perseverans
767 3327 814 3399 ad
833 3327 1081 3421 promotionem
1101 3327 1193 3421 regis
1212 3326 1321 3421 ipsius
1342 3335 1497 3420 potenter
1518 3325 1695 3412 intendas,
1711 3345 1775 3396 nec
1793 3323 1932 3419 patiaris

523 3457 676 3548 plantam
700 3473 806 3545 quam
829 3459 866 3522 tu
892 3451 966 3546 ipse
990 3451 1151 3546 plantasti
1176 3473 1237 3545 per
1263 3451 1418 3522 humoris
1442 3448 1613 3522 defectum
1636 3469 1807 3538 arescere,
1826 3469 1931 3543 quam

522 3577 617 3647 vales
636 3575 665 3645 si
688 3575 777 3646 velis
799 3575 939 3647 uberius
962 3575 1116 3669 irrigare.
1147 3575 1313 3646 Novimus
1337 3574 1429 3645 enim
1448 3571 1545 3667 quod
1569 3579 1663 3645 tanta
1690 3572 1873 3666 prudentia
1899 3577 1932 3644 et

520 3700 674 3795 potentia
697 3709 755 3771 tue
777 3701 995 3772 fraternitatis
1019 3699 1138 3772 existit
1159 3708 1198 3770 ut
1225 3721 1305 3770 cum
1331 3700 1449 3771 favore
1469 3705 1585 3771 nostro
1603 3698 1664 3790 qui
1683 3719 1704 3769 a
1725 3696 1842 3768 multis
1865 3697 1931 3769 sol·

521 3823 762 3896 liciludinihus
788 3824 961 3918 expediti,
988 3823 1187 3918 expeditius
1212 3832 1247 3896 et
1273 3823 1399 3895 melius
1426 3821 1631 3919 pmmotioni
1657 3822 1814 3914 ejusdem
1842 3821 1932 3915 regis

521 3947 701 4020 intendere
716 3947 787 4040 jam
803 3949 974 4038 valemus,
993 3946 1088 4041 quod
1108 3947 1249 4020 feliciter
1264 3947 1436 4043 incepisti,
1453 3947 1483 4020 si
1506 3948 1607 4043 plene
1625 3946 1731 4038 velis,
1751 3945 1862 4041 possis
1881 3946 1932 4018 fe·

521 4072 622 4144 licius
641 4093 893 4144 consummare.
916 4074 1006 4144 Sane
1024 4093 1125 4144 nosse
1144 4081 1176 4144 te
1194 4074 1356 4145 volumus
1370 4073 1467 4167 quod
1483 4071 1645 4145 damnate
1661 4071 1825 4144 memorio
1841 4071 1931 4144 Mar·

556 4335 596 4405 (t)
614 4331 755 4406 hdolphus
764 4347 829 4390 roro
839 4345 893 4388 non
906 4331 958 4388 nisi
970 4337 1032 4405 post
1042 4332 1111 4391 duos
1121 4347 1208 4391 annos
1220 4334 1246 4389 in
1259 4333 1435 4390 defectionem
1447 4337 1567 4406 apertam
1578 4345 1609 4389 se
1623 4331 1763 4388 convertit.
1772 4351 1786 4384 r
1795 4329 1933 4388 Colonien

520 4433 557 4491 sis
570 4432 793 4505 archiepiscopus
803 4437 1001 4488 sacramentum
1015 4432 1088 4505 quod
1100 4432 1201 4488 dudum
1214 4431 1305 4489 Ottoni
1324 4433 1426 4489 fecerat
1441 4429 1638 4505 parvipendens
1648 4435 1677 4487 et
1687 4429 1835 4504 perjurium
1848 4435 1877 4486 ot
1886 4443 1933 4485 err·

521 4511 788 4588 communicationem
801 4529 937 4603 apostolici
949 4545 1002 4586 non
1015 4536 1148 4601 metuens,
1165 4535 1226 4602 post
1243 4529 1342 4587 festum
1355 4529 1446 4588 Sancti
1466 4529 1574 4586 hlartini
1593 4527 1627 4584 ud
1646 4527 1771 4584 eumdem
1782 4525 1934 4600 Philippum

521 4645 584 4686 curn
597 4630 666 4685 duce
680 4627 838 4685 Brabantiae
849 4627 1042 4686 confluentiam
1062 4629 1134 4685 venir
1149 4629 1188 4700 (lt
1213 4625 1350 4701 novemb.)
1362 4633 1391 4685 et
1402 4627 1428 4684 ei
1439 4629 1621 4700 juramentum
1633 4623 1767 4682 fidelitatis
1780 4638 1843 4680 curn
1865 4623 1933 4679 duco

519 4725 622 4783 ibidem
635 4725 708 4783 lecit.
720 4743 733 4779 a
746 4725 853 4801 Godefr.
868 4727 962 4785 Gelon.
974 4725 1081 4793 ccccl..
1096 4725 1130 4784 ad
1142 4741 1207 4784 anu.
1218 4728 1297 4786 trel.
