4434 5942
520 527 560 593 18
1020 532 1235 594 sarbonici
1260 532 1434 594 SECUNDI
1740 534 1825 616 [Aur.
1841 537 1927 602 1198.

521 688 623 740 mane
634 667 776 760 jurasti,
798 669 889 742 sicut
903 669 1097 742 continetur
1113 669 1149 742 in
1168 669 1306 742 duobus
1319 669 1489 742 similibus
1504 671 1764 766 capitularibus,
1781 693 1928 769 quorum

520 813 632 864 unum
652 814 760 888 penes
783 803 818 866 tc
840 794 953 888 sigillo
976 803 1112 886 nostro,
1139 795 1286 866 alterum
1308 815 1415 890 penes
1437 815 1500 867 nos
1521 795 1636 888 sigillo
1660 805 1721 870 tuo
1749 818 1856 870 aureo
1876 799 1931 870 si-

521 927 663 1011 gnatum
685 917 852 1009 babetur;
873 915 1015 992 firmiter
1034 919 1270 1014 repromittens
1287 917 1384 1013 quod
1399 919 1483 1014 quia
1499 939 1640 1014 presens
1655 921 1806 1016 presenti
1828 922 1932 997 debet

519 1041 713 1114 hominium
741 1043 931 1136 exhibere,
962 1042 1254 1138 quandocumque
1282 1065 1346 1116 nos
1373 1053 1434 1116 aut
1459 1063 1675 1117 successores
1703 1045 1810 1118 nostri
1833 1055 1867 1118 te
1893 1045 1930 1117 in

520 1165 636 1261 aliqua
653 1175 751 1262 parte
768 1169 865 1262 regul
881 1187 986 1262 quam
1005 1189 1126 1240 secure
1146 1167 1258 1263 possis
1277 1167 1375 1240 adire
1394 1167 1440 1241 ad
1461 1175 1611 1240 nostram
1632 1167 1840 1263 presentiam
1859 1191 1931 1243 vo-

518 1291 728 1384 caverimus,
752 1301 949 1366 reverenter
972 1293 1117 1366 accedes
1140 1292 1262 1386 ligium
1277 1291 1470 1365 hominium
1492 1291 1695 1388 prestitum,
1715 1292 1781 1364 nisi
1798 1303 1930 1367 certum

426 1455 431 1464 ·
517 1412 804 1510 impedimentum
819 1426 879 1488 aut
892 1417 1079 1490 necessitas
1093 1415 1238 1489 evidens
1248 1415 1470 1507 interveniat;
1485 1415 1614 1510 quibus
1626 1413 1843 1490 cessantibus
1855 1418 1931 1492 sine

517 1537 640 1611 fraude
664 1540 784 1613 venies
806 1539 853 1613 ad
872 1539 995 1630 ligium
1019 1539 1212 1612 hominium
1232 1527 1551 1612 laciendum.'Cum
1568 1547 1683 1612 autem
1703 1549 1759 1628 tu,
1778 1539 1827 1612 lili
1846 1563 1927 1633 rex,

518 1663 657 1748 lavante
672 1665 839 1753 Domino,
859 1663 906 1738 ad
921 1665 1110 1758 legitimam
1129 1673 1252 1738 eutem
1271 1664 1486 1760 perveneris,
1505 1665 1606 1738 nobis
1624 1674 1659 1738 et
1673 1667 1932 1740 suecessoribus

517 1787 643 1860 nostris
664 1805 706 1860 ac
732 1789 886 1862 Ecclesia
912 1791 1064 1862 Romane
1087 1787 1288 1863 fidelitatem
1308 1798 1343 1862 et
1364 1789 1486 1884 ligium
1508 1789 1701 1862 hominium
1724 1791 1928 1883 exhiberes;

520 1915 663 1984 censum
683 1931 767 1986 vero
786 1922 1029 1987 sexcentorum
1052 1914 1279 2010 squifatorum
1297 1913 1351 2012 (l)
1372 1915 1419 1988 de
1442 1911 1569 2011 Apulia
1591 1924 1626 1988 et
1646 1915 1817 2005 Calabria,
1839 1939 1932 2014 qua-

521 2035 784 2130 dringentorum
799 2059 883 2112 vero
902 2039 947 2112 du
966 2039 1091 2112 lllarsia
1112 2041 1168 2112 vel
1190 2039 1394 2134 equivaleus
1409 2039 1445 2112 irr
1467 2061 1553 2112 auro
1572 2041 1628 2113 vel
1651 2050 1795 2136 urgento
1810 2063 1874 2115 vos
1889 2065 1931 2117 ao

521 2159 667 2234 heredes
686 2171 820 2236 vestros
836 2163 1003 2236 statuistis
1028 2164 1181 2237 Ecclesie
1197 2166 1351 2238 Romane
1369 2163 1471 2238 annis
1490 2164 1636 2259 singulis
1656 2165 1847 2255 soluturos,
1864 2167 1931 2240 nisi

521 2287 609 2358 forte
624 2285 910 2384 impedimentum
931 2288 1073 2384 aliquod
1090 2289 1313 2381 interveniam
1332 2311 1403 2384 quo
1416 2299 1571 2362 cessante
1587 2309 1712 2363 census
1729 2311 1777 2364 ex
1797 2279 1933 2386 iuiegro

520 2411 748 2506 persolvetur.
766 2412 958 2486 Electiones
979 2423 1094 2488 autem
1112 2414 1304 2487 secundum
1324 2416 1435 2487 Deum
1455 2435 1517 2510 per
1534 2423 1641 2488 totum
1657 2435 1804 2508 mgnum
1825 2434 1931 2490 cauo-

521 2533 599 2608 nice
615 2535 714 2626 liant,
731 2537 1064 2634 dotalibusquidem
1078 2537 1234 2634 personis
1246 2539 1375 2633 quibus
1392 2559 1455 2612 vos
1471 2559 1512 2612 ac
1527 2539 1672 2614 bemdes
1690 2541 1796 2613 vestri
1809 2542 1931 2638 mqui-

520 2658 625 2733 situm
646 2683 668 2735 a
689 2663 791 2736 vobis
815 2663 960 2760 prebere
983 2663 1138 2738 debeatis
1160 2685 1338 2738 assensum
1356 2663 1423 2763 (2).
1443 2665 1487 2738 Ut
1510 2673 1626 2739 autam
1650 2664 1716 2738 hec
1735 2687 1806 2762 que
1826 2689 1931 2764 snpra

555 3020 593 3094 (ι)
611 3020 720 3080 Rectius
738 3021 871 3096 scitscit,
889 3023 991 3082 nummi
1009 3023 1084 3082 aurei
1107 3023 1180 3097 apud
1199 3022 1318 3082 Graecos
1336 3022 1496 3098 bysantinos
1516 3023 1608 3082 usitati
1628 3028 1656 3082 et
1674 3041 1691 3084 a
1707 3023 1818 3083 ludaeis
1832 3025 1933 3100 optime

520 3120 618 3194 cogniti
634 3137 671 3176 :r
693 3117 814 3198 ΝΜ,
826 3119 962 3196 Scblpbu,
977 3137 1075 3179 nomen
1094 3127 1219 3179 monetae
1235 3123 1361 3196 antiquae
1375 3137 1445 3196 quae
1455 3122 1495 3178 sic
1512 3121 1583 3179 dicta
1600 3121 1651 3180 luit
1662 3123 1735 3198 quod
1746 3127 1880 3182 vetustata
1892 3125 1933 3182 sic

516 3219 610 3278 attrita
632 3218 713 3278 luerit
730 3227 761 3278 ιιι
780 3219 864 3294 figura
886 3220 931 3277 vix
951 3219 1060 3294 agnosci
1081 3219 1196 3294 amplius
1214 3226 1318 3295 posset.
1334 3221 1501 3292 nouarum,
1519 3222 1638 3278 Labicos
1653 3219 1796 3280 Gbuldulc.
1815 3221 1931 3282 bullio.

521 3317 657 3392 Telmud,
670 3335 699 3394 p.
713 3321 794 3380 alaz.
808 3319 903 3379 Verior
916 3325 947 3376 ut
959 3335 1100 3376 censemus
1113 3317 1272 3392 etymologia
1284 3335 1365 3392 (ιιιιιιιι
1383 3319 1455 3393 apud
1468 3319 1596 3392 cangium
1610 3337 1617 3376 ι
1635 3337 1649 3375 ι
1662 3318 1776 3376 Sobilati
1788 3319 1861 3393 quud
1873 3321 1931 3379 cari

518 3423 620 3489 essent,
640 3433 657 3474 a
675 3418 790 3492 scypho.
801 3437 815 3470 r
827 3417 881 3474 Pro
896 3415 998 3473 tarems
1010 3421 1071 3473 octo
1085 3415 1114 3471 in
1132 3414 1223 3473 Sicilia
1235 3415 1388 3489 Aragonum
1407 3419 1528 3490 tempore
1542 3414 1659 3473 ualuisse
1680 3431 1766 3472 unum
1788 3415 1931 3474 ecbilatm

518 3514 662 3572 uosdmus.
677 3515 732 3573 Sed
744 3515 837 3590 quanti
855 3520 976 3591 tempore
993 3513 1121 3572 Friderici
1141 3513 1256 3572 valuerit
1274 3530 1323 3572 uos
1343 3513 1422 3588 latet,
1435 3529 1520 3589 quum
1538 3513 1573 3574 de
1586 3513 1662 3574 titulo
1679 3513 1838 3588 etpoudsre
1851 3513 1933 3588 bujus

517 3617 640 3671 monetae
652 3629 707 3670 uon
719 3619 763 3670 sat
776 3613 846 3670 bene
859 3618 974 3672 consid.

557 3708 594 3784 (2)
612 3709 735 3784 blagnam
758 3709 823 3767 buic
842 3709 882 3767 rei
900 3709 987 3767 lucem
1004 3711 1082 3767 aliart
1098 3707 1173 3768 locus
1191 3707 1242 3767 iste
1262 3711 1364 3769 Gestar.
1385 3713 1480 3769 Ianos.
1499 3711 1550 3768 111
1556 3752 1563 3781 ,
1575 3725 1636 3786 cap.
1649 3709 1730 3780 XXI,
1744 3713 1775 3765 ut
1789 3708 1932 3782 sequitur:

520 3827 534 3860 α
549 3805 610 3881 lpse
622 3821 688 3864 vero
701 3805 891 3880 sagacissimus
901 3805 1023 3879 pontifex
1033 3807 1172 3881 diligenter
1184 3807 1324 3866 atmodeus
1336 3807 1409 3881 quod
1426 3805 1594 3882 privilegium
1606 3805 1788 3864 mnoemioms
1801 3804 1933 3862 indultum

516 3903 606 3980 primo
620 3903 654 3962 ab
667 3903 783 3962 Αιιιὶιιιο
796 3908 825 3960 et
837 3909 995 3962 renovatum
1008 3904 1181 3978 postmodum
1192 3919 1208 3961 a
1219 3903 1357 3963 Clemente
1367 3920 1451 3979 super
1461 3910 1576 3978 quatuor
1585 3901 1719 3978 capitulis,
1727 3901 1852 3961 uidelicet
1864 3901 1935 3960 elec-

517 3999 653 4072 tionibus,
665 3999 859 4074 legationibus,
875 3999 1099 4076 appellationibus
1112 4007 1142 4060 ct
1155 4001 1288 4074 conciliis,
1303 4001 1448 4078 derogabat
1459 4017 1515 4059 non
1527 4000 1615 4058 solum
1627 3998 1788 4074 apostolicum
1800 3997 1933 4072 dignitati,

515 4115 611 4159 verum
622 4099 704 4156 etiam
715 4098 911 4158 ecclesiasticae
922 4099 1049 4172 libertati,
1065 4101 1203 4160 mandarit
1215 4101 1377 4175 imperatrici
1397 4105 1428 4157 ut
1439 4100 1489 4157 illis
1503 4099 1626 4174 capitulis
1636 4097 1801 4155 renuntiaret
1813 4095 1933 4167 omuino,

516 4213 579 4255 cum
592 4213 625 4254 ea
637 4213 692 4255 uou
706 4203 779 4254 esset
793 4197 961 4271 aliquatenus
976 4213 1164 4256 concessurus.
1173 4198 1296 4256 Tentavit
1308 4199 1352 4256 illa
1364 4197 1531 4273 propositum
1544 4197 1602 4269 ejus
1610 4195 1765 4253 muneribus
1774 4193 1933 4264 immutare;

518 4293 590 4370 quod
611 4309 674 4351 cum
695 4292 800 4351 efficere
818 4295 997 4368 nequivisset,
1016 4295 1107 4353 missis
1126 4295 1328 4353 honorabilibus
1344 4294 1445 4352 nuntiis
1466 4293 1593 4352 Anselmo
1608 4290 1829 4366 Neapolitausmi
1844 4289 1936 4346 arabi·

516 4393 654 4467 episcopo,
664 4390 798 4450 limerioo
812 4391 1027 4466 Syracusauensi
1038 4393 1236 4466 archidiacono,
1249 4393 1353 4452 Tboma
1358 4392 1503 4468 justitiario
1514 4399 1542 4450 et
1554 4390 1664 4450 Nicolao
1674 4389 1775 4464 judice,
1788 4393 1852 4463 post
1864 4393 1934 4446 trac-

516 4496 603 4549 tatum
617 4489 750 4547 diutinum
771 4489 945 4548 obtinuerunt
958 4491 1139 4550 concessionis
1155 4491 1324 4568 privilegium
1344 4490 1480 4562 innovari,
1492 4489 1616 4566 capitulis
1629 4488 1682 4546 illis
1693 4487 1801 4545 omnino
1812 4484 1933 4556 remotis,

519 4587 572 4647 sub
585 4602 678 4658 censu,
693 4587 820 4647 fidelitate
834 4595 862 4649 et
872 4587 992 4649 bomioio
1006 4590 1150 4649 consuetis.
1166 4586 1338 4665 Privilegium
1352 4606 1405 4649 nou
1418 4589 1542 4664 peruenit
1557 4587 1591 4646 ed
1605 4585 1678 4646 illam
1692 4585 1786 4644 mortis
1798 4581 1932 4642 accelera·

518 4685 592 4744 tione
605 4691 812 4760 praeventam.»
