4378 5954
209 579 309 642 tm.
328 576 389 662 la]
661 569 857 636 HISTORIA
882 573 1174 638 nlnnoltllnlca
1566 575 1623 637 157

211 725 326 812 amen
347 733 394 786 ex
421 707 624 784 bominibus
645 709 763 804 aliqua
788 717 955 807 perpetue
986 712 1163 786 stabilitati
1191 731 1367 803 connexa,
1385 709 1444 782 illa
1463 709 1628 784 videlicet

210 860 282 933 que
295 835 427 912 divinia
442 833 562 908 addita
578 833 730 906 cultibus
747 833 948 908 hereditatis
970 837 1033 909 Dei
1059 837 1253 910 tuniculam
1269 837 1359 910 iuter
1375 835 1536 909 homines
1553 855 1627 908 am·

211 963 422 1059 plectuntur,
438 968 522 1032 tunc
535 957 702 1054 precipue
716 979 795 1030 cuna
811 959 886 1032 loca
900 959 1111 1034 venerabilia
1124 961 1161 1032 in
1181 960 1310 1056 quibus
1327 961 1470 1056 placens
1480 960 1628 1032 Domino

211 1095 361 1161 soetator
380 1083 647 1180 hospitalitatem
663 1083 801 1170 militia,
817 1084 943 1179 regalis
965 1086 1185 1181 protectionis
1204 1087 1325 1159 lavore
1351 1085 1514 1157 muniunt
1527 1094 1562 1157 ct
1578 1084 1630 1157 cis

214 1210 428 1284 munimenta
442 1229 512 1302 que
529 1215 684 1280 vetustas
700 1229 769 1280 non
787 1207 899 1282 diluat
909 1210 1028 1284 votivo
1041 1211 1253 1284 liberalitatis
1264 1209 1462 1305 indulgent.
1479 1208 1565 1282 lnde
1578 1217 1632 1281 est

211 1333 309 1429 quod
325 1355 389 1406 nos
402 1331 619 1406 attendentes
632 1331 800 1404 celebrem
812 1333 920 1406 vitam
936 1336 1041 1430 etpio
1057 1335 1234 1430 religionis
1253 1333 1409 1408 ordinem
1426 1334 1461 1404 in
1477 1354 1548 1426 quo
1568 1355 1631 1430 per

213 1457 455 1554 hospitalitatis
466 1465 503 1530 at
517 1454 629 1530 diuini
646 1456 759 1528 cultus
772 1455 1028 1532 observantiam
1042 1461 1165 1533 tratres
1181 1460 1307 1534 domus
1323 1458 1502 1555 hospitalis
1513 1457 1630 1531 Sancti

214 1581 356 1654 loannis
372 1579 674 1676 Hierosolymitani
700 1579 746 1654 de
768 1579 926 1654 Messana
943 1589 979 1654 et
994 1582 1140 1655 aliarum
1164 1583 1344 1656 domorum
1370 1605 1440 1678 que
1464 1591 1546 1656 suut
1569 1603 1632 1678 per

216 1727 361 1799 reguum
378 1714 534 1778 nostrum
551 1703 771 1778 laudabiliter
787 1703 949 1796 militant,
958 1707 1038 1778 lesu
1055 1705 1179 1779 Cbristi
1192 1706 1318 1779 intuitu
1332 1707 1394 1800 qui
1407 1705 1468 1779 dat
1484 1706 1631 1778 salutern

216 1829 358 1921 regibus
377 1837 413 1902 et
436 1827 498 1923 qui
524 1828 650 1922 regalis
679 1828 841 1901 culminis
872 1829 974 1902 nobis
1002 1839 1175 1926 sceptrum
1203 1829 1364 1922 donarit,
1391 1851 1454 1924 pro
1477 1828 1631 1902 remedio

214 1971 356 2046 qnoque
377 1952 572 2026 animarum
590 1951 751 2026 divorum
774 1953 953 2047 quondam
978 1965 1204 2048 augustorum
1222 1963 1404 2051 parantum
1429 1965 1463 2026 et
1484 1955 1629 2026 aliorum

216 2076 314 2170 regni
335 2078 592 2172 progenitorum
612 2086 825 2167 nostrorum,
846 2078 956 2174 ipsam
982 2078 1124 2152 domum
1151 2079 1332 2175 hospitalis
1354 2079 1468 2152 Sancti
1491 2077 1633 2151 loannis

217 2198 517 2296 Hierosolymitani
534 2203 581 2278 da
602 2201 760 2274 Messana
777 2223 967 2297 omnesque
985 2201 1108 2276 domos
1126 2225 1196 2298 que
1214 2212 1295 2276 sunt
1313 2203 1349 2274 in
1373 2223 1481 2296 regno
1498 2212 1629 2294 nostro,

218 2325 421 2410 contratres,
431 2326 673 2422 possessiones
685 2335 720 2400 ot
734 2325 890 2400 homines
908 2328 1061 2423 ipsarum
1080 2328 1262 2402 domorum
1278 2328 1345 2400 sub
1362 2337 1478 2400 nostra
1494 2336 1632 2422 protec-

218 2447 314 2522 tione
329 2458 365 2522 et
381 2449 583 2524 doiemione
597 2451 826 2547 suscipimus;
846 2452 1074 2525 concodentes
1087 2461 1122 2524 et
1140 2451 1382 2525 confirmantes
1398 2451 1451 2523 eis
1466 2453 1633 2546 perpetuo

220 2571 409 2667 plenariam
427 2574 617 2648 libertatem
633 2584 673 2647 ut
687 2575 733 2648 de
754 2577 924 2648 tractibus
945 2577 1097 2672 ipsarum
1119 2576 1301 2650 domorum
1321 2576 1427 2648 libere
1452 2575 1497 2647 de
1519 2583 1637 2648 cataro

219 2696 297 2771 aine
314 2697 455 2772 datione
470 2699 587 2794 aliqua
601 2699 678 2773 siue
689 2699 884 2796 plateatico,
905 2701 1066 2796 passagio
1086 2709 1121 2774 et
1141 2699 1345 2797 portulatico
1358 2700 1505 2792 mittere,
1521 2699 1636 2771 intro*

220 2817 350 2896 ducere
363 2831 399 2895 et
415 2823 582 2898 exhibere
596 2825 698 2896 liceat
712 2833 783 2898 tarn
800 2845 863 2920 per
876 2846 971 2898 mare
988 2847 1093 2920 quam
1110 2847 1173 2922 per
1185 2835 1328 2916 terram,
1347 2835 1418 2898 tam
1441 2845 1503 2920 per
1519 2831 1636 2920 portas

219 2968 326 3041 quam
344 2967 408 3044 per
422 2957 543 3044 portua
559 2957 595 3022 et
609 2949 782 3044 pengia,
800 2947 955 3024 rendere
970 2971 1127 3046 quoque,
1145 2971 1261 3024 amare
1281 2971 1345 3024 acu
1367 2949 1519 3024 ebenum
1540 2969 1635 3043 que·

220 3093 372 3166 cumque
387 3081 422 3146 et
437 3073 651 3166 ubicumque
666 3073 841 3146 volueriut
858 3095 920 3170 par
935 3095 1080 3170 regnum
1097 3085 1253 3148 nostrum
1271 3096 1335 3170 pro
1352 3073 1499 3168 negotiis
1513 3083 1547 3146 et
1561 3095 1634 3146 ser-

221 3196 320 3270 vitiis
331 3197 486 3293 ipsarum
501 3197 703 3284 domorum,
720 3207 756 3270 et
769 3207 810 3270 ut
824 3199 932 3272 libere
946 3199 1078 3294 possint
1093 3199 1227 3272 mittere
1248 3197 1323 3270 sine
1340 3196 1479 3270 datione
1495 3207 1530 3270 ct
1544 3219 1635 3271 con-

221 3321 355 3395 ditione
367 3322 484 3416 aliqua
497 3343 720 3417 quocumque
735 3323 908 3396 voluerint
928 3323 976 3396 ad
998 3333 1141 3397 matram
1166 3323 1270 3396 etiam
1288 3343 1407 3396 earnm
1425 3329 1460 3395 et
1473 3343 1636 3415 magnam
1714 3373 1720 3386 ·

220 3445 367 3520 domum
395 3446 573 3542 hospitalis
600 3447 901 3543 Hierosolymitani
924 3457 993 3519 lam
1020 3470 1082 3544 per
1104 3469 1198 3520 mare
1216 3469 1322 3542 quam
1339 3469 1400 3542 per
1416 3455 1559 3538 terram,
1580 3447 1636 3518 oui

223 3583 351 3665 magne
367 3569 487 3644 domui
503 3579 615 3646 catere
633 3569 760 3646 domus
782 3571 960 3668 hospitalis
981 3571 1095 3644 Sancti
1118 3571 1260 3644 Ioannis
1285 3581 1368 3643 sunt
1393 3571 1525 3666 ubique
1550 3572 1639 3644 sob-

219 3695 325 3787 joco.
346 3695 574 3770 Concedimue
603 3697 707 3770 otiam
737 3695 892 3792 predicte
922 3697 1042 3769 donini
1073 3695 1252 3793 hospitalis
1281 3696 1395 3768 Sancti
1425 3695 1565 3769 loannis
1594 3696 1640 3769 de

221 3818 382 3895 Messana
407 3819 600 3914 ceterisque
625 3820 788 3895 domibus
805 3821 983 3919 hospitalis
998 3822 1113 3894 Sancti
1131 3820 1297 3894 lobannis
1314 3842 1383 3916 que
1405 3839 1469 3916 per
1492 3842 1639 3916 reguum

222 3954 379 4018 nostrum
396 3957 493 4034 sunt,
515 3944 623 4018 libem
640 3951 769 4040 pascua
782 3967 849 4040 pro
866 3946 1074 4020 animalibus
1086 3947 1164 4020 suis
1184 3955 1218 4019 et
1240 3945 1419 4018 bominum
1446 3967 1587 4018 suorum
1604 3955 1639 4017 et

223 4068 416 4142 libertatem
437 4068 615 4144 incidendi
638 4068 829 4164 lignamina
853 4093 917 4167 pro
936 4069 1175 4144 construendis
1197 4079 1232 4143 et
1254 4067 1457 4164 reparandis
1479 4069 1641 4142 domibus

223 4193 348 4266 suiset
363 4193 458 4287 ligna
477 4194 569 4266 sicca
586 4190 633 4266 ad
652 4214 754 4265 usum
775 4193 929 4290 ipsarum
948 4192 1127 4268 domorum
1152 4193 1366 4287 ubicumque
1388 4202 1470 4264 sunt
1492 4215 1555 4288 per
1570 4214 1640 4264 ne-

224 4339 323 4406 mora
340 4326 375 4390 et
394 4317 537 4391 forestas
562 4317 659 4410 regni
684 4317 788 4390 nostri
811 4318 896 4412 ipsis
919 4317 1081 4392 domibus
1104 4317 1249 4392 vicinas.
1271 4317 1313 4390 Et
1327 4317 1492 4408 jubemus
1514 4323 1553 4388 ut
1573 4314 1642 4388 bo-

224 4442 339 4516 minos
360 4442 471 4539 ipsius
495 4439 677 4540 hospitalis
701 4443 859 4516 Messana
881 4455 916 4517 et
945 4444 1089 4517 aliarum
1120 4443 1301 4518 domorum
1325 4441 1371 4514 de
1394 4462 1501 4536 regno
1524 4451 1641 4514 nostro

227 4567 327 4640 liberi
344 4563 415 4640 sint
426 4568 472 4641 ab
485 4567 581 4641 omni
597 4569 804 4665 vassallagio
816 4567 877 4668 [et]
892 4570 1074 4664 adjutorio,
1092 4570 1137 4642 ab
1151 4569 1245 4643 omni
1263 4547 1444 4642 exactione
1456 4576 1491 4640 ct
1502 4567 1643 4640 servitio

227 4692 397 4784 secrdari,
417 4713 462 4766 ne
479 4701 660 4766 sumatur
678 4695 886 4791 respondere
904 4696 1078 4792 aliquibus
1098 4694 1145 4767 de
1165 4693 1444 4789 quibuscumque
1471 4693 1642 4765 coustitu-
