4434 5942
233 501 392 581 trum]
685 498 881 562 HISTORIA
906 496 1197 561 ntptoultmcu
1603 491 1645 558 29

232 648 426 712 nostrorum
441 634 654 730 temporibus
667 634 833 727 habuisti,
848 633 944 730 qnod
957 635 1004 708 ad
1017 655 1158 730 presens
1172 631 1262 706 circa
1275 630 1416 702 tutelam
1427 628 1594 702 carissimi
1607 627 1644 699 in

232 762 366 836 Christo
390 759 451 832 lilii
469 757 574 832 nostri
593 759 630 831 F.
653 759 767 832 Sicilie
784 759 877 854 regis
898 760 1040 832 illustris
1056 769 1091 832 et
1109 758 1206 852 regni
1224 755 1484 851 dispositionem
1502 754 1644 848 implere

231 907 294 982 per
310 906 374 958 nos
391 883 485 978 ipsos
508 883 732 978 personaliter
756 903 825 956 non
850 883 1024 974 valemus,
1045 882 1108 956 tibi
1132 881 1337 955 fiducialiter
1362 877 1529 951 duximus
1550 898 1644 950 com·

230 1007 456 1098 mittendum
482 1006 630 1080 scientes
646 1007 744 1102 quod
769 1007 805 1080 in
825 1007 898 1098 bis,
923 1007 1012 1080 siunt
1031 1017 1067 1080 et
1084 1006 1162 1080 aliis
1180 1003 1327 1098 negotiis
1352 1013 1411 1076 tua
1433 1023 1517 1096 pure
1540 1023 1643 1074 com-

233 1133 365 1222 missis,
383 1131 548 1206 honorem
567 1132 667 1206 Sedis
690 1131 887 1228 Apostolioa
910 1132 1037 1206 utiliter
1060 1141 1095 1206 et
1116 1129 1298 1204 efficaciter
1320 1127 1552 1224 promovebis.
1571 1129 1643 1200 Hac

231 1257 339 1352 igitur
353 1255 627 1330 consideratione
650 1255 803 1348 inducti,
829 1255 1031 1328 auctoritate
1053 1255 1117 1328 tibi
1135 1254 1346 1350 presentium
1363 1251 1585 1347 indulgemus
1602 1260 1643 1325 ut

231 1381 269 1454 in
286 1380 434 1474 negotiis
451 1379 665 1452 solicitudini
684 1389 743 1454 tue
764 1380 1041 1475 commissisque
1057 1381 1113 1452 vel
1131 1379 1179 1452 ad
1201 1379 1343 1450 tutelam
1360 1377 1451 1471 regis
1470 1377 1526 1450 vel
1544 1375 1643 1470 regni

231 1504 491 1603 dispositionem
507 1506 679 1600 pertinere
695 1505 910 1600 cognoveris,
926 1504 1004 1578 vioe
1021 1514 1150 1594 nostra,
1170 1504 1306 1578 sublato
1320 1502 1559 1599 appellationis
1573 1501 1640 1573 im·

232 1629 443 1726 pedimento,
462 1639 564 1726 prout
581 1630 705 1704 melius
717 1631 849 1706 videris
863 1629 1047 1726 expedire,
1069 1627 1249 1725 procedas.

278 1757 405 1830 Datum
420 1756 591 1848 latemm,
610 1757 690 1830 Xlll
709 1756 876 1830 kalendas
892 1757 1018 1848 martii,
1038 1755 1257 1852 pontificatus
1271 1776 1363 1828 anno
1381 1753 1491 1849 primo
1507 1751 1570 1850 (t).

279 1879 441 1972 Sequitur
465 1875 522 1975 (ι’
552 1877 644 1974 564)
670 1880 814 1977 epistola
834 1879 1061 1954 familiaribus
1083 1881 1175 1974 regis
1196 1877 1345 1970 directa,
1373 1899 1444 1973 qua
1469 1877 1520 1952 eis
1546 1897 1638 1974 papa

230 2001 372 2076 mandat
387 2011 427 2074 ut
449 2013 688 2078 testamentum
711 2002 939 2100 imperatricis
954 2005 1020 2076 sibi
1040 2004 1206 2078 destinari
1231 2027 1294 2102 per
1313 2005 1451 2077 nuntios
1468 2011 1589 2076 curant
1604 2009 1640 2076 et

230 2127 395 2202 cardinali
413 2127 471 2200 coi
486 2149 568 2202 snas
585 2129 681 2202 vices
698 2128 870 2202 commisit
884 2129 1121 2226 obtemperent
1137 2139 1172 2203 et
1187 2127 1333 2204 fideliter
1346 2129 1507 2202 assistant
1519 2125 1585 2225 (2).

282 2793 495 2880 Fridericus
525 2821 592 2880 rex
626 2795 775 2880 Siciliae
804 2796 1024 2882 hominibus
1050 2799 1099 2882 de
1125 2797 1415 2884 Montallasoone
1441 2799 1569 2883 scribit
1596 2827 1637 2886 se
1709 2849 1756 2911 ,ιιι
1807 2867 1814 2894 ,

229 2929 396 3040 gaudere
408 2929 514 3039 quod
528 2931 578 3012 ad
595 2929 815 3015 fidelitatem
829 2931 1017 3016 Ecclesiae
1034 2933 1229 3018 Romanae
1240 2944 1278 3017 et
1295 2933 1436 3018 summi
1449 2933 1637 3044 pontificis

227 3062 420 3168 redierint,
440 3073 556 3174 atque
573 3065 732 3146 mandat
748 3091 798 3148 ne
814 3065 863 3149 de
876 3063 1094 3175 juramenta
1112 3067 1217 3176 quod
1235 3066 1308 3150 sibi
1325 3067 1555 3177 praestitisse
1572 3068 1638 3152 di-

228 3205 367 3279 cuntur
382 3196 423 3278 in
440 3207 637 3306 posterum
655 3197 842 3282 dubitent.

311 3435 442 3516 (Edlder.
457 3438 602 3511 Buorrus,
616 3435 725 3500 Ausul.
741 3436 891 3502 mehemet.
906 3441 941 3500 4ιι
954 3441 1064 3504 berou
1076 3443 1183 3504 contire.
1198 3441 1237 3504 ad
1250 3459 1320 3505 ann.
1339 3451 1433 3518 ttae,
1448 3453 1481 3506 n·
1494 3445 1583 3521 xm,
1597 3463 1636 3509 ex

348 3547 434 3624 epist.
454 3545 546 3608 lnnoc
561 3588 570 3609 .
585 3545 636 3611 llb.
654 3547 703 3624 11,
717 3557 750 3609 n·
765 3556 838 3624 1783
854 3581 895 3592 —
907 3550 1043 3624 suun,
1057 3550 1156 3632 Epist.
1174 3552 1272 3613 Iunco.
1290 3552 1350 3630 111,
1368 3553 1420 3615 llb.
1440 3555 1486 3631 Π,
1501 3570 1533 3634 p.
1549 3563 1606 3618 tst
1624 3572 1633 3618 t

346 3656 434 3714 nutu
446 3651 670 3732 chronologicae
683 3653 885 3718 desiderentur
897 3658 929 3722 tn
942 3654 1056 3738 priori.)

262 3951 299 4028 (4)
318 3955 374 4016 llas
385 3963 464 4018 notas
477 3960 677 4038 chronologicas
688 3979 758 4040 quae
771 3964 800 4022 iu
812 3965 920 4027 baluzio
930 3967 1028 4026 desunt
1039 3967 1162 4027 addimus
1174 3985 1208 4027 ax
1220 3970 1295 4040 Huc,
1303 3970 1409 4030 Annali
1419 3975 1481 4031 erit.
1490 3972 1632 4049 diplomat.

225 4047 269 4110 del
278 4067 361 4128 tepeo
373 4055 405 4112 di
417 4057 535 4132 Nepoti,
548 4065 570 4118 t.
585 4061 635 4134 11,
650 4079 679 4137 p.
694 4065 756 4122 tat.
770 4063 810 4122 Cl.
826 4067 908 4122 lotor.
923 4064 992 4124 della
1003 4073 1107 4142 prateae
1119 4067 1259 4126 mouurcb.
1271 4067 1304 4126 44
1316 4069 1407 4143 stett,
1421 4087 1451 4146 p.
1464 4074 1476 4128 4
1481 4074 1526 4130 ot.

261 4151 299 4223 (2)
318 4171 333 4208 ι
346 4153 397 4224 Qui
408 4156 546 4229 proiectus
559 4161 662 4235 recapit
673 4160 703 4236 [a
718 4161 893 4221 familiaribus
905 4165 989 4240 regis]
1003 4164 1065 4223 balii
1076 4167 1259 4239 juramentum
1273 4174 1300 4224 et
1312 4167 1375 4225 lecit
1387 4169 1451 4227 illud
1466 4169 1501 4227 ab
1515 4170 1573 4227 aliis
1585 4185 1634 4244 per

226 4245 344 4306 Siciliam
362 4251 491 4313 exhiberi
508 4255 609 4315 Vertrm
627 4259 690 4332 quia
705 4277 760 4318 non
775 4259 846 4318 bene
856 4262 1042 4321 intendebatur
1055 4265 1079 4321 ei
1094 4281 1110 4324 a
1125 4265 1298 4323 lamiliaribus
1311 4267 1383 4341 regis
1399 4273 1427 4324 et
1443 4269 1632 4341 praesertima

224 4345 382 4408 mucellmio
393 4350 439 4423 qni
453 4350 648 4426 dedignabatur
661 4371 724 4413 eum
737 4358 904 4432 superiorem
915 4359 1031 4433 babere,
1050 4377 1113 4420 curn
1125 4369 1154 4420 st
1171 4379 1264 4421 omnes
1282 4379 1337 4422 non
1348 4363 1437 4437 regiis,
1455 4365 1504 4422 sed
1518 4363 1633 4439 propriis

224 4441 384 4504 utilitab'bus
397 4447 564 4522 insudarent,
576 4458 639 4526 poa
649 4469 704 4512 uon
715 4454 830 4514 multum
843 4459 972 4532 temporis
983 4459 1018 4516 ad
1031 4460 1128 4534 sedem
1138 4461 1319 4535 apostolicam
1330 4467 1372 4518 est
1383 4475 1519 4520 reversus.
1531 4479 1544 4514 t
1556 4462 1631 4520 dest.

223 4541 320 4600 lutee.
338 4545 400 4618 111,
415 4561 476 4622 cup.
490 4549 591 4608 xxm.
606 4551 763 4627 (tragurium
779 4555 851 4612 enim
869 4556 977 4615 insumo
991 4573 1085 4618 menso
1095 4560 1164 4633 julio
1180 4560 1259 4634 bojas
1276 4561 1339 4619 anni
1351 4561 1465 4619 Romam
1478 4577 1631 4638 ramosum

223 4641 412 4716 comperimus.
425 4645 465 4705 ct.
480 4647 656 4724 Βιιοιιιιιιι,
668 4650 697 4708 in
709 4653 783 4712 dest.
797 4655 950 4729 lanceare,
962 4671 992 4730 p.
1004 4660 1054 4730 tt,
1070 4664 1127 4718 not.
1142 4659 1169 4718 t.
