4434 5942
286 547 384 606 trun.
400 541 443 622 a]
733 542 931 604 HISTORIA
954 541 1244 606 btrtottttrtctt.

340 1186 552 1270 Fridericus
579 1211 645 1269 rex
664 1185 813 1270 Siciliae
830 1185 1021 1269 canonicis
1036 1185 1180 1268 Biccari
1200 1185 1512 1298 (panormitanis)
1531 1189 1702 1272 concedit
1740 1217 1896 1314 efflue

286 1331 330 1404 ut
347 1321 611 1431 unusquisque
637 1345 769 1403 eorum
788 1319 949 1430 singulis
970 1320 1081 1402 annis
1106 1329 1259 1402 centum
1282 1320 1424 1403 salmas
1445 1319 1626 1404 frumenti
1653 1323 1701 1405 de
1736 1303 1896 1433 „,¹,¹¹,tff;,†?{,‚

286 1481 530 1566 quocumque
556 1463 669 1562 portu
701 1453 867 1560 Siciliae,
886 1463 1040 1563 excepto
1064 1463 1176 1562 portu
1203 1454 1400 1559 Panormi,
1422 1455 1504 1538 sine
1531 1455 1701 1565 qualibet

286 1589 477 1673 exactione
495 1587 691 1670 extrahere
707 1597 744 1670 ct
761 1597 958 1696 exportare
977 1587 1109 1696 possit.

367 1827 498 1911 (Edidcr.
511 1829 614 1904 Prmr,
630 1824 712 1891 seit.
726 1845 824 1906 mma,
839 1835 913 1896 tom.
927 1829 958 1905 l,
973 1847 1002 1909 p.
1019 1839 1087 1894 121.
1104 1863 1145 1876 —
1163 1829 1365 1905 Maronem,
1380 1825 1484 1891 Μαι
1495 1829 1633 1894 Panem
1650 1847 1701 1892 ec-

403 1931 481 2008 eta,
494 1953 525 2014 p.
541 1935 603 2010 tr.)

333 2154 372 2226 ln
393 2153 535 2226 nomine
548 2152 611 2226 Dei
633 2153 742 2228 eterni
761 2162 796 2226 et
816 2151 1002 2228 Salvatoris
1021 2151 1128 2226 nostri
1148 2151 1227 2224 lesu
1247 2150 1384 2224 Christi.
1403 2149 1529 2226 Amen.
1548 2152 1698 2228 Frideri-

284 2300 347 2352 cus
369 2277 490 2351 divina
520 2279 656 2352 lavante
680 2278 861 2352 clementia
878 2298 943 2350 rex
965 2276 1097 2366 Sicilie,
1118 2275 1266 2350 ducatus
1282 2273 1411 2372 Apulis
1433 2286 1470 2350 et
1486 2278 1699 2374 principatus

285 2403 412 2498 Capua.
423 2403 512 2490 Quia
530 2400 618 2476 fides
635 2411 670 2476 et
688 2401 828 2477 devotio
840 2401 1061 2476 subditorum
1079 2410 1221 2496 experta
1238 2402 1417 2498 periculis,
1436 2403 1697 2479 necessitatibus

283 2525 485 2622 approbata,
506 2505 628 2600 meritc
640 2509 743 2599 debet
752 2525 880 2620 regalis
892 2524 1129 2599 munificentie
1143 2525 1311 2600 beneficio
1328 2526 1499 2618 decorari,
1516 2539 1698 2624 eapropter

283 2651 528 2724 canonicorum
554 2651 683 2725 Biccari
704 2649 758 2747 (t)
781 2649 936 2724 fidelium
955 2661 1150 2724 nostrorum
1169 2651 1388 2726 devotionem
1406 2674 1475 2748 qne
1493 2653 1698 2727 turbationis

283 2785 436 2873 tempore
454 2787 525 2850 tam
539 2776 649 2874 ipsius
662 2775 807 2849 ecclesio
823 2796 930 2870 quam
948 2797 1012 2850 sua
1031 2775 1123 2848 bona
1141 2775 1401 2850 necessitatibus
1425 2777 1549 2850 nostris
1572 2777 1697 2852 devote

283 2903 366 2976 satis
387 2902 565 2998 exposuit,
594 2901 743 2996 benigne
771 2900 1012 2997 respicientes,
1036 2900 1082 2975 de
1104 2901 1220 2974 innata
1248 2901 1461 2974 liberalitatis
1487 2912 1602 2974 nostre
1628 2903 1697 2976 cle-

283 3029 411 3100 mentia
438 3037 604 3123 perpetuo
630 3025 852 3098 concedimus
877 3034 947 3100 tam
980 3025 1032 3098 eis
1060 3025 1222 3098 omnibus
1247 3047 1353 3119 quam
1380 3036 1415 3099 et
1440 3029 1697 3102 successoribus

283 3153 436 3248 ipsorum
450 3161 490 3223 ut
505 3151 745 3246 unnsquisque
758 3171 879 3223 eorum
892 3150 993 3222 annis
1006 3149 1153 3244 singulis
1173 3159 1311 3222 centnm
1329 3152 1455 3223 salmas
1470 3151 1632 3225 frumenti
1652 3154 1697 3228 de

282 3297 503 3371 quocumque
521 3285 621 3371 portu
639 3275 774 3367 Sicilie,
792 3285 940 3371 excepto
955 3275 1095 3371 proprio
1107 3283 1209 3370 portu
1228 3273 1376 3348 civitatis
1393 3276 1569 3368 Panormi,
1590 3277 1699 3352 libere

282 3410 317 3474 et
333 3399 409 3474 sine
425 3401 579 3494 qualibet
596 3399 778 3472 exactione
795 3399 1000 3474 extrahendi
1018 3409 1053 3471 et
1070 3419 1292 3494 quocumque
1320 3399 1469 3473 voluerit
1489 3401 1695 3496 exportandi

282 3525 419 3622 plenam
434 3524 562 3598 habeat
579 3523 890 3598 facultatemllanc
908 3523 1080 3618 siqnidem
1099 3521 1355 3597 concessionem
1369 3534 1521 3598 nostram
1535 3527 1581 3599 ab
1596 3526 1697 3600 bere-

282 3648 388 3723 dibus
404 3649 529 3723 nostris
546 3658 581 3722 et
598 3649 731 3722 cunctis
757 3647 917 3722 fidelibus
940 3649 1038 3743 regni
1063 3649 1168 3722 nostri
1191 3671 1326 3745 semper
1346 3650 1560 3747 precipimus
1577 3652 1696 3726 obser

282 3775 355 3848 vari
374 3784 413 3848 ut
431 3776 553 3870 prelati
572 3775 729 3849 canonici
756 3775 886 3848 Biccari
908 3773 1028 3848 fideles
1049 3775 1154 3848 nostri
1173 3773 1240 3847 hoc
1262 3775 1299 3846 in
1318 3787 1522 3872 perpetuum
1541 3799 1562 3849 a
1581 3789 1697 3851 nostra

281 3900 458 3993 maiestate
473 3899 680 3973 beneficium
702 3921 740 3972 se
754 3897 929 3993 gaudeant
941 3897 1124 3994 recepisse,
1145 3907 1179 3970 et
1193 3898 1309 3970 cuncti
1328 3899 1373 3972 ad
1393 3898 1592 3973 fidelitatem
1615 3923 1696 3974 nos·

281 4034 368 4098 nam
385 4025 603 4098 etheredum
623 4005 816 4096 nostrorum
843 4023 1033 4096 terrentius
1052 4045 1094 4096 ac
1110 4023 1271 4095 devotius
1291 4024 1499 4097 animentur.
1516 4021 1572 4099 Ad
1591 4023 1695 4118 hujus

281 4159 398 4224 autem
413 4149 644 4224 concessionis
664 4158 779 4222 nostre
805 4149 1006 4222 memoriam
1029 4157 1064 4222 et
1080 4149 1187 4222 robur
1204 4149 1241 4222 in
1258 4157 1463 4246 perpetuum
1480 4149 1691 4240 velitumm,

280 4297 423 4371 presens
451 4275 673 4372 privilegium
700 4296 762 4370 per
792 4295 918 4346 manus
941 4273 1083 4348 Mattbei
1107 4275 1152 4349 de
1171 4275 1339 4348 Panormo
1368 4273 1490 4346 notarii
1518 4281 1552 4346 et
1582 4270 1694 4347 fidelis

884 4473 1055 4484 ι-ι-ι-ιι-

316 4585 353 4658 (4)
371 4583 496 4643 Canouiei
508 4585 702 4658 Panormitam,
720 4586 892 4644 biccarenses
911 4585 976 4643 dicti
993 4600 1025 4642 ex
1044 4583 1197 4658 praebenda
1212 4599 1293 4657 quem
1304 4599 1340 4642 cx
1353 4583 1465 4642 decimis
1481 4582 1594 4658 aliisque
1612 4583 1696 4644 rebus

279 4681 307 4738 in
319 4681 418 4757 oppido
431 4683 547 4743 Biccaris
560 4683 754 4759 percipiebant.
