4378 5954
524 534 582 594 120
1020 534 1237 596 ratosntct
1264 535 1441 598 sucurtttt
1744 539 1824 616 [Αιιιι.
1845 539 1930 602 taos.

573 667 765 760 [Praecedit
780 669 918 759 ibidem,
939 676 977 742 n⁰
995 671 1121 764 CLVII,
1144 673 1249 746 altera
1271 672 1415 768 epistola
1439 672 1514 764 regi
1537 673 1675 747 Siciliae
1698 674 1845 770 scriptu,
1863 697 1933 770 qua

523 816 615 890 papa
632 792 826 887 congaudet
850 793 895 868 de
917 793 1009 867 bono
1029 795 1105 886 ejus
1126 796 1348 889 incremento,
1371 796 1597 891 hortaturque
1618 807 1658 870 ut
1679 809 1872 893 perseverm
1898 800 1934 870 in

522 919 663 992 virtute.
685 918 770 990 Cum
787 919 891 1012 hujus
907 919 1071 1016 epistolae
1094 920 1335 1019 apographum
1355 943 1376 996 e
1398 922 1560 996 manibus
1581 923 1722 998 editoris
1745 924 1933 1016 exciderit,

525 1045 571 1116 ci.
590 1045 768 1136 damnum,
783 1041 905 1117 donat.
924 1046 1051 1138 scobs„
1071 1045 1117 1120 ad
1133 1069 1217 1120 ann.
1234 1047 1347 1140 ltus,
1366 1045 1479 1144 §xnus

333 1671 492 1776 affine
580 1627 791 1710 Friderions
817 1653 884 1709 rex
911 1626 1060 1728 Siciliae
1085 1626 1274 1710 Matthaeo
1297 1628 1425 1712 abbati
1443 1628 1565 1712 lloris
1582 1639 1620 1712 et
1637 1628 1837 1714 conventui
1854 1627 1937 1737 ejus

347 1791 371 1822 a
409 1791 431 1822 m
447 1781 476 1822 τι·
526 1761 698 1842 concedit
724 1770 762 1842 et
787 1760 988 1842 confirmat
1015 1760 1206 1844 libertates
1231 1772 1269 1844 et
1290 1764 1547 1872 possessiones
1570 1791 1593 1846 a
1614 1763 1836 1872 parentibus
1858 1763 1938 1846 suis

526 1892 649 1974 eidem
667 1893 897 1976 monasterio
915 1893 1097 1978 indultas.

607 2108 716 2189 (Edld.
740 2107 837 2170 (lanc.
867 2107 1007 2182 Lausus,
1032 2107 1068 2168 B.
1092 2104 1454 2171 luminatorem.
1478 2109 1656 2171 mirabilium
1676 2111 1782 2172 ocritm
1803 2109 1936 2193 descen,

646 2233 677 2292 p.
696 2215 776 2290 tte.)

576 2407 615 2476 ln
638 2405 777 2477 nomine
799 2404 860 2478 Dei
883 2404 991 2477 eterni
1014 2413 1049 2476 et
1070 2405 1257 2478 Salvatoris
1280 2405 1386 2478 nostri
1412 2407 1492 2478 lesu
1516 2405 1650 2478 Christi.
1673 2404 1796 2478 Amen.
1817 2405 1941 2478 Fride-

528 2529 620 2602 rions
637 2529 756 2602 divina
773 2531 910 2602 favente
933 2530 1113 2602 clementia
1133 2551 1195 2602 rex
1211 2530 1343 2621 Sicilie,
1365 2530 1512 2604 ducatus
1527 2531 1652 2627 Apulis
1671 2541 1706 2604 et
1728 2530 1941 2627 principatus

503 2647 506 2652 ’
526 2655 655 2749 Capne.
672 2654 756 2726 Cnm
777 2655 950 2748 regnantis
965 2655 1089 2749 pietas,
1108 2655 1199 2748 regis
1214 2655 1407 2728 reverentia
1424 2677 1566 2749 regum,
1583 2629 1746 2728 omnib'na
1757 2655 1942 2752 compella·

528 2789 585 2854 tur
602 2801 640 2852 se
657 2779 808 2852 tribuere
826 2779 1048 2852 favorabilem
1063 2800 1256 2872 manusque
1270 2779 1441 2852 universis
1459 2789 1615 2852 teneatur
1628 2779 1814 2873 benignius
1833 2782 1943 2874 porri-

530 2925 611 2998 gere
628 2903 809 2997 largitatis,
831 2902 899 2974 illis
917 2902 1070 2994 personis
1088 2915 1124 2974 et
1143 2901 1226 2974 locis
1248 2900 1352 2974 debet
1374 2902 1489 2998 potins
1506 2903 1682 2976 charitalis
1701 2905 1849 2998 perlecto
1869 2905 1943 3000 ple·

529 3029 723 3101 nitndinem
734 3027 917 3124 impartiri,
932 3049 1003 3120 que
1014 3028 1084 3098 Deo
1098 3025 1211 3098 dicata
1225 3033 1306 3098 sunt
1318 3025 1457 3120 penitus
1472 3037 1507 3100 et
1521 3027 1689 3118 subjecta,
1701 3035 1736 3100 et
1753 3036 1846 3100 tanto
1858 3028 1945 3122 ipsis

532 3153 698 3226 sincerius
717 3151 924 3248 respondere
947 3172 1010 3246 pro
1034 3150 1165 3222 meritis
1189 3150 1335 3246 ipsaque
1358 3149 1535 3222 benefieiis
1553 3150 1737 3245 ampliare,
1755 3160 1886 3245 quanto
1907 3152 1944 3224 in

532 3280 600 3350 illis
615 3277 783 3372 propitius
801 3297 863 3372 pro
877 3271 1101 3368 largientibus
1116 3275 1241 3368 pariter
1255 3283 1291 3347 et
1302 3273 1543 3348 fundatoribus
1559 3296 1677 3370 preces
1694 3275 1840 3348 Domino
1857 3297 1947 3372 sup·

533 3405 640 3501 plices
657 3401 798 3474 assidue
817 3399 1049 3495 porriguntur,
1063 3399 1203 3494 [leoque
1217 3397 1400 3494 purissime
1413 3397 1458 3472 ab
1474 3399 1606 3472 eisdem
1621 3399 1656 3470 in
1673 3399 1819 3494 singulis
1833 3399 1948 3474 deser-

533 3529 639 3600 vitur.
655 3525 739 3598 inde
755 3533 808 3597 est
823 3511 928 3618 igitur
940 3523 1037 3618 quod
1059 3523 1256 3595 venerabile
1275 3523 1520 3596 monasterinm
1537 3524 1644 3596 Floris
1662 3531 1756 3596 tanto
1769 3524 1948 3599 ardentius

534 3665 691 3727 tenemur
707 3651 850 3744 diligere
865 3661 900 3722 et
917 3650 1098 3742 condignis
1116 3647 1291 3722 beneficiis
1308 3647 1487 3745 ampliare,
1504 3659 1635 3743 quanto
1646 3649 1830 3744 benignius
1843 3661 1877 3724 et
1890 3649 1949 3724 de·

533 3779 649 3851 votius
665 3777 847 3850 felicissimi
866 3774 1041 3870 qnondam
1057 3776 1196 3870 augusti
1214 3773 1377 3848 dominns
1391 3773 1629 3846 serenissimus
1648 3774 1830 3870 imperator
1852 3785 1951 3872 pater

536 3913 649 3976 noster
664 3910 698 3973 et
715 3899 856 3972 domina
870 3898 1114 3992 gloriosissima
1129 3897 1329 3992 imperatrix
1346 3907 1455 3970 mater
1471 3907 1586 3970 nostra
1605 3897 1687 3972 dive
1704 3900 1951 3973 recordationis

535 4029 648 4122 ipsum
665 4023 910 4098 monasterium
930 4023 1049 4095 divino
1074 4023 1201 4093 intuitu
1227 4029 1424 4093 construere
1446 4021 1616 4115 bonisque
1631 4043 1702 4116 que
1715 4025 1869 4119 possidet
1886 4024 1951 4099 do·

535 4161 608 4226 tere
621 4150 725 4224 corde
740 4147 924 4246 purissimo
942 4147 1161 4219 studuerunt.
1179 4147 1251 4219 Hac
1269 4146 1385 4240 itaque
1394 4147 1487 4240 justa
1504 4147 1778 4219 consideratione
1796 4147 1948 4240 inducti,

537 4278 751 4352 attendentes
771 4275 875 4348 etiam
894 4272 1169 4346 honestissimam
1189 4271 1295 4344 vitam
1316 4283 1540 4364 sanctamque
1556 4271 1666 4367 ipsius
1687 4271 1821 4346 ordinis
1843 4273 1953 4348 Floris

537 4401 830 4474 conversationem
848 4419 954 4492 qnam
968 4411 1018 4488 ln,
1031 4397 1191 4487 Mattbee,
1203 4395 1411 4467 venerabilis
1425 4395 1533 4467 abbas
1544 4406 1578 4468 et
1590 4397 1741 4469 universi
1759 4409 1953 4472 conventus

538 4524 683 4620 predicti
703 4523 911 4612 monasterii,
926 4521 1047 4594 fideles
1062 4519 1182 4602 nostri,
1196 4519 1231 4590 in
1245 4519 1392 4592 Domino
1410 4519 1529 4614 geritis
1547 4529 1582 4592 et
1596 4521 1799 4614 observatis,
1818 4545 1880 4620 pro
1895 4545 1951 4596 rc·

539 4649 654 4723 medio
667 4671 807 4745 quoqne
819 4647 1012 4722 animarum
1029 4645 1260 4743 predictorum
1281 4641 1459 4739 quondam
1480 4656 1660 4740 parentum
1676 4657 1888 4738 nostrornm,
1907 4645 1954 4720 de
