4434 5942
572 552 611 614 ’10
1071 553 1286 618 FlllDElllCl
1311 557 1486 620 scendet
1523 559 1527 570 '
1800 565 1881 644 [llus.
1900 568 1987 631 lm

619 689 707 760 Data
728 687 765 758 in
789 687 880 760 felici
905 689 1072 763 Panormo
1094 713 1156 786 per
1176 715 1301 766 manus
1320 695 1486 769 Gnulterii
1512 698 1610 790 regni
1634 699 1749 773 Sicilie
1771 704 1985 798 cancellarii,

569 833 663 886 unno
692 811 865 886 dominice
892 813 1136 888 incarnationis
1168 817 1270 912 MCC,
1297 839 1417 894 mense
1446 821 1662 913 decembris,
1690 825 1736 896 lv
1763 825 1984 922 indictionis,

565 935 668 1030 regni
689 958 773 1010 vero
797 936 930 1010 domini
957 941 1064 1014 nostri
1085 941 1248 1015 Friderici
1267 945 1329 1017 Dei
1355 946 1466 1039 gratia
1487 947 1705 1020 illustrissimi
1732 951 1825 1044 regis
1850 953 1986 1046 Sicilie,

571 1059 719 1134 ducatus
734 1059 859 1156 Apulie
872 1072 906 1135 et
922 1064 1135 1160 principatus
1149 1066 1285 1162 Capua,
1302 1090 1394 1142 unno
1411 1071 1475 1162 lll,
1490 1071 1645 1146 feliciter.
1663 1071 1789 1146 Amen.

811 1371 1089 1385 *n—

445 1766 475 1798 u
621 1675 850 1761 deliberatio
867 1680 1012 1762 domini
1030 1707 1151 1790 papae
1168 1655 1376 1766 Innocenlii
1390 1709 1505 1794 super
1516 1685 1618 1768 facto
1631 1684 1780 1796 imperii
1797 1687 1847 1771 de
1864 1689 1987 1772 tultus

569 1809 714 1914 electis,
734 1810 908 1894 uidelicet
925 1813 1115 1899 Friderico
1133 1843 1266 1924 puero,
1287 1817 1461 1928 Philippo
1480 1829 1518 1901 et
1536 1819 1689 1904 Ottonc.

650 2024 778 2102 (Edlder.
795 2026 930 2104 Binum,
946 2027 1039 2107 ΕΜ.
1059 2029 1207 2092 Inoocmt.
1229 2029 1290 2106 111,
1305 2035 1329 2092 t.
1351 2029 1387 2106 I,
1407 2047 1438 2108 p.
1456 2040 1526 2105 oet,
1549 2049 1588 2094 ex
1609 2035 1747 2112 chlstro
1764 2049 1852 2111 super
1865 2036 1986 2114 negotiu

689 2134 775 2195 Rom.
786 2135 911 2212 lmp.,n⁰
922 2127 1195 2212 29.-1tnr'unm.‚
1205 2135 1314 2198 Aouat
1323 2135 1431 2212 emko„
1441 2139 1481 2200 ad
1495 2157 1564 2200 ann.
1580 2149 1667 2214 taoo,
1681 2137 1704 2220 3
1717 2139 1984 2221 xxvt-xxxvl.)

618 2323 657 2393 ln
681 2321 820 2395 nomine
843 2322 952 2396 Putris
977 2333 1012 2396 et
1034 2325 1110 2397 Filii
1128 2333 1163 2398 et
1183 2325 1332 2422 Spiritus
1349 2326 1478 2400 Sancti.
1504 2328 1648 2400 interest
1669 2325 1865 2422 Apostolice
1881 2325 1984 2399 Sedis

568 2445 751 2542 diligenter
773 2454 808 2520 et
825 2447 1015 2543 prudenter
1032 2448 1077 2522 de
1095 2450 1230 2546 imperii
1252 2451 1395 2525 Romani
1417 2451 1615 2547 provinione
1634 2456 1797 2543 uacmre,
1814 2472 1895 2523 cum
1911 2451 1984 2522 im-

542 2611 549 2624 ·
566 2571 703 2667 perium
723 2581 885 2644 noscatur
902 2571 947 2645 ud
964 2593 1041 2646 eam
1058 2572 1291 2669 principaliter
1307 2582 1343 2647 et
1361 2573 1509 2649 finaliter
1524 2575 1696 2671 pertinere
1719 2600 1728 2646 ε
1750 2573 1984 2670 principaliter

567 2718 647 2770 cum
663 2697 849 2792 peripsam
862 2697 1164 2793 etpropteripsam
1180 2697 1225 2772 de
1239 2699 1360 2773 crocia
1374 2699 1420 2772 sit
1433 2688 1650 2792 translatum,
1668 2719 1730 2796 per
1744 2699 1857 2796 ipsum
1872 2709 1983 2772 truns-

564 2821 702 2894 lationis
719 2822 879 2896 actricem
901 2831 1041 2918 propter
1063 2824 1175 2918 ipsam
1199 2825 1323 2898 melius
1345 2824 1619 2916 defendendum
1648 2823 1796 2897 finaliter
1817 2823 1980 2919 quonium

562 2945 786 3042 imperatore
805 2969 941 3020 summo
964 2945 1125 3042 pontifice
1146 2948 1284 3022 linulem
1307 2949 1384 3024 sive
1402 2947 1560 3022 ultimum
1580 2971 1706 3022 manns
1728 2947 1981 3044 impositionem

562 3071 787 3166 promotionis
805 3073 943 3167 proprie
963 3072 1101 3168 accipit,
1121 3071 1207 3146 dum
1223 3074 1269 3147 ab
1287 3095 1329 3148 eo
1349 3075 1579 3164 benedicitur,
1601 3081 1785 3148 coronatur
1798 3083 1833 3145 et
1852 3073 1898 3146 de
1912 3073 1981 3144 im·

563 3195 660 3292 perio
683 3195 878 3269 investitur.
905 3196 1008 3282 Quod
1031 3197 1200 3270 Henricus
1225 3199 1356 3294 optime
1381 3219 1631 3292 recognoscens
1658 3197 1798 3272 abone
1816 3197 1979 3270 memorie

565 3320 736 3394 Celestino
753 3343 844 3417 papa
861 3319 1103 3417 predecessore
1125 3332 1258 3415 nostro,
1280 3332 1358 3420 post
1375 3332 1570 3419 susceptum
1589 3323 1635 3397 ab
1652 3344 1696 3396 eo
1718 3345 1880 3397 coronam
1899 3343 1978 3394 cnm

564 3445 818 3540 aliquantulum
832 3446 1070 3536 abscessisset,
1089 3446 1228 3522 rediens
1241 3447 1382 3523 tandem
1399 3447 1445 3522 ud
1462 3469 1520 3540 se,
1536 3448 1582 3522 ub
1598 3448 1675 3544 ipso
1693 3447 1739 3521 de
1756 3447 1901 3544 imperio
1919 3467 1981 3543 per

563 3569 690 3664 pullum
719 3591 860 3643 auream
892 3571 990 3666 petiit
1014 3571 1182 3645 investiri.
1210 3573 1305 3646 Sicut
1330 3581 1447 3646 antem
1476 3593 1589 3668 nuper
1615 3581 1684 3648 tres
1710 3583 1792 3646 sunt
1817 3575 1854 3644 in
1880 3593 1980 3666 roges

562 3693 678 3786 electi,
706 3715 805 3790 puer,
829 3695 1007 3792 Philippus
1032 3705 1068 3770 et
1089 3697 1184 3790 Otto,
1204 3697 1256 3771 sic
1275 3697 1340 3771 triu
1353 3707 1435 3771 eunt
1452 3697 1543 3772 circe
1559 3697 1716 3793 singulos
1741 3697 1976 3772 attendenda:

560 3815 648 3911 quid
676 3817 795 3907 liceat,
819 3816 906 3911 qnid
930 3817 1067 3909 deceat,
1090 3818 1178 3915 qnid
1201 3819 1377 3915 expediet.
1407 3819 1503 3893 Circa
1528 3839 1676 3915 puerum
1698 3819 1842 3915 quidem
1868 3817 1979 3890 filium

562 3940 777 4037 imperatoris
793 3941 944 4032 llenrici,
962 3943 1050 4016 lucie
1067 3943 1179 4040 primu
1192 3945 1332 4018 videtur
1344 3943 1441 4040 quod
1456 3964 1527 4018 non
1544 3945 1647 4018 liceat
1660 3953 1779 4018 contra
1792 3944 1869 4036 ejus
1881 3943 1979 4018 elec-

562 4068 690 4140 tionem
702 4065 1101 4161 venirequejmumento
1116 4079 1169 4142 est
1182 4069 1380 4166 principum
1390 4071 1562 4144 roborata.
1572 4069 1659 4144 Nam
1669 4069 1733 4142 etsi
1740 4070 1754 4162 j
1759 4075 1977 4141 uramentum

561 4191 649 4265 illud
669 4189 830 4266 videatur
851 4191 1018 4266 violenter
1038 4203 1229 4286 extortum,
1251 4215 1322 4268 non
1343 4203 1396 4270 est
1419 4203 1535 4268 tumen
1552 4193 1635 4268 ideo
1655 4215 1726 4267 non
1744 4192 1973 4284 serrandum,

559 4337 641 4390 cnm
664 4317 745 4390 licet
762 4319 995 4412 juramentum
1021 4319 1117 4413 quod
1140 4319 1338 4392 Gabaonitis
1355 4319 1579 4418 prestiterunt
1593 4318 1655 4391 lilii
1673 4317 1777 4392 lsrael
1794 4317 1897 4389 luerit
1914 4335 1977 4411 per

558 4441 716 4515 fraudem
737 4442 957 4539 subreptum,
981 4443 1070 4516 illud
1092 4453 1207 4516 tamen
1224 4444 1450 4518 nihilominus
1465 4444 1682 4518 decreverint
1699 4439 1972 4517 observandum.

554 4565 710 4640 Preterea
723 4567 788 4640 etsi
805 4589 827 4640 u
842 4567 1013 4664 principio
1030 4569 1133 4642 luerit
1146 4569 1197 4641 sio
1211 4578 1398 4659 extortum,
1415 4569 1637 4666 postmodum
1654 4577 1770 4643 tamen
1787 4575 1886 4666 pater
1897 4567 1975 4659 ejus

556 4687 750 4784 intelligens
770 4713 808 4765 se
828 4713 1006 4789 perperam
1027 4693 1248 4790 processisse,
1261 4694 1497 4787 juramentum
1513 4695 1686 4770 relaxavit
1703 4691 1920 4791 principibus
1937 4699 1976 4764 et
