4334 5980
217 559 315 618 uere.
334 553 377 633 1.]
665 545 864 608 ursronra
887 544 1180 610 nrrnouarrca
1243 593 1248 612 .
1565 543 1626 608 aas

299 689 395 763 (Edit.
404 701 453 764 ap.
469 685 648 758 Hsnsoorr,
666 680 818 764 damnor.
833 689 911 764 pent.
930 679 1322 762 flabt.,t.11,pars1·‚p.
1341 690 1411 744 216.
1422 683 1623 745 —Memorot

337 812 386 872 ep.
408 793 558 864 Teanum,
580 787 713 852 Cbrooic.
738 785 861 864 balcet,
884 788 1069 866 ltb.‘111,p.
1097 796 1166 850 11².
1187 819 1228 834 -
1244 787 1435 863 (domninam,
1450 785 1625 871 chburq„

338 900 389 962 lib.
400 899 460 972 VI,
472 915 505 976 p.
520 905 589 958 blo.
604 897 739 976 siglllum
752 913 836 958 ceree
848 895 956 957 rubrae
965 897 1076 974 optime
1089 901 1296 956 conservatum
1309 895 1432 974 pendet,
1444 903 1480 958 ut
1492 897 1628 960 videmus

340 1023 387 1084 ap.
406 1001 528 1066 Vermcb
541 1003 620 1064 einer
631 999 770 1064 crlundl.
785 999 915 1064 darrtell.
931 998 1165 1084 derEcqelberq,
1179 1003 1320 1081 Regeste,
1335 1020 1366 1080 p.
1385 1000 1468 1082 tot.)

273 1197 311 1266 ln
322 1177 466 1268 'nomine
488 1201 604 1266 sancte
628 1199 663 1264 et
679 1190 863 1265 individue
877 1189 1064 1263 Trinitatis.
1085 1189 1278 1265 Fridericus
1298 1189 1359 1262 Dei
1376 1189 1487 1284 gratia
1505 1191 1630 1265 lloma·

228 1340 351 1392 norum
368 1337 451 1408 rex,
472 1337 608 1412 semper
625 1325 795 1410 augustus
821 1325 856 1388 et
881 1337 946 1388 rex
970 1313 1107 1412 sycilie.
1136 1314 1303 1387 Omnibus
1328 1315 1471 1389 Romani
1497 1315 1631 1412 imperii

228 1441 388 1516 fidelibus
405 1451 477 1514 tam
494 1441 714 1537 presentibus
737 1461 843 1533 quam
861 1439 984 1510 suturis
1005 1438 1050 1510 sit
1067 1447 1185 1510 notum
1209 1439 1356 1534 qualiter
1375 1440 1532 1534 regulare
1550 1461 1632 1512 mo-

228 1566 416 1638 nasterinm
448 1563 627 1660 quoddam
653 1562 759 1634 sitnm
789 1571 841 1634 est
872 1563 908 1633 in
936 1562 1112 1658 provincia
1137 1562 1338 1657 Burgundio
1367 1563 1402 1634 in
1433 1564 1633 1660 episcopatu

231 1690 498 1780 constantiensi,
519 1687 615 1784 quod
632 1687 732 1761 Mons
749 1685 959 1781 Angelorum
986 1696 1223 1782 nuncupatum
1249 1696 1312 1760 est.
1333 1689 1428 1761 Istud
1453 1689 1635 1762 cenobium

230 1815 442 1910 temporibus
459 1813 594 1888 Henrioi
613 1813 658 1886 lV
676 1819 908 1885 constructum
929 1833 971 1884 ac
987 1811 1063 1904 ojus
1085 1811 1267 1908 privilegio
1288 1811 1474 1886 honorifice
1497 1815 1637 1908 magni-

232 1939 372 2013 ficatum
390 1939 426 2011 in
444 1939 573 2011 bonore
590 1939 714 2011 Sancte
731 1937 839 2011 Maris
855 1959 989 2032 semper
1006 1937 1158 2028 Virginis
1170 1937 1372 2030 dinoscitur,
1389 1939 1425 2010 in
1439 1949 1586 2033 angusto
1602 1947 1638 2012 et

232 2085 355 2160 aspero
373 2063 476 2136 nimis
494 2061 635 2159 Alpium
656 2063 733 2136 loco
749 2061 924 2135 horridam
944 2071 978 2135 et
994 2061 1117 2135 duram
1135 2063 1314 2136 monacbis
1331 2073 1487 2159 prestans
1503 2063 1639 2137 habita·

234 2188 375 2261 tionem.
394 2186 493 2262 Unde
504 2197 618 2284 patres
635 2187 833 2260 monasterii
850 2185 955 2258 nimia
974 2175 1134 2278 angustia
1151 2187 1215 2260 loci
1233 2187 1342 2283 ipsius
1358 2189 1532 2276 coarctati,
1551 2211 1639 2262 oon-

234 2312 369 2386 cambio
402 2311 549 2384 aliorum
576 2310 776 2407 prediorum
802 2321 837 2384 et
864 2311 1070 2406 competenti
1097 2311 1206 2406 pretio
1226 2313 1451 2407 pecuniarum
1478 2336 1540 2387 sen
1564 2314 1640 2388 aliis

235 2431 447 2533 quibuslibet
464 2435 577 2510 modis
590 2435 666 2509 loca
676 2435 743 2508 sibi
757 2457 911 2530 congrua
924 2445 959 2508 et
972 2436 1086 2510 vicina
1100 2445 1169 2508 tam
1186 2458 1207 2508 a
1222 2435 1403 2509 ditioribus
1418 2460 1523 2532 quam
1537 2439 1639 2513 etiam

237 2585 258 2634 a
282 2561 546 2657 pauperioribus
572 2561 659 2633 inibi
692 2561 787 2634 onlta
818 2569 852 2632 et
880 2560 1008 2633 inculta
1036 2559 1292 2656 possidentibus
1319 2561 1542 2655 redimentes,
1573 2555 1642 2636 ser·

239 2685 349 2758 minos
367 2685 512 2758 ecclesie
525 2705 589 2758 sue
603 2693 704 2780 prout
721 2693 908 2780 potuerunt
926 2684 1169 2780 dilataverunt,
1183 2695 1222 2757 ut
1235 2694 1329 2760 tanto
1347 2689 1511 2762 secretins
1528 2689 1643 2783 quieta

238 2807 392 2882 libertate
408 2809 541 2904 absque
555 2807 795 2902 inquietudine
814 2809 973 2882 divinum
989 2819 1128 2905 possent
1138 2807 1326 2908 adimplere
1338 2811 1530 2886 servitium.
1546 2811 1645 2886 Nunc

239 2941 354 3005 eutem
375 2932 521 3006 dilectus
539 2943 573 3006 et
597 2931 709 3006 fidelis
734 2943 849 3007 noster
872 2935 1053 3008 Heinricns
1071 2935 1225 3030 ejusdem
1248 2936 1314 3009 loci
1331 2949 1430 3033 pater
1446 2938 1483 3010 in
1501 2959 1647 3034 presen-

241 3057 323 3130 tiam
340 3057 447 3130 nostri
465 3058 627 3148 veniens,
648 3058 864 3151 amaJ'estate
880 3067 994 3132 nostra
1018 3061 1203 3157 postulavit
1218 3070 1258 3132 nt
1274 3062 1391 3135 omnia
1410 3063 1565 3156 ejusdem
1583 3081 1647 3137 ec·-

241 3181 343 3253 clesie
362 3183 455 3274 juste
475 3191 510 3253 et
530 3181 684 3276 legitimo
703 3183 874 3276 acquisita
892 3184 950 3256 vel
975 3183 1091 3258 adhuc
1115 3184 1294 3279 largitione
1316 3183 1471 3258 fidelium
1497 3188 1648 3283 conqui-

242 3305 364 3396 renda,
381 3303 575 3401 specialiter
590 3305 626 3376 in
647 3306 798 3379 inferiori
816 3313 933 3379 monte
950 3327 997 3379 ex
1015 3317 1160 3402 utraque
1178 3317 1275 3404 parte
1291 3307 1444 3382 lluminis
1464 3311 1649 3384 Surannnn
1756 3295 1758 3298 ⁵

242 3425 443 3502 abdelibue
460 3427 585 3502 nostris
610 3428 794 3502 comitibus
819 3427 864 3503 de
879 3431 1102 3504 Habesburcb
1126 3453 1261 3506 necnon
1281 3434 1385 3507 etiam
1407 3432 1453 3508 de
1476 3434 1650 3508 Frobnrch

243 3560 277 3624 et
304 3573 424 3626 eorum
454 3552 651 3626 hominibus
665 3554 815 3629 *noviter
838 3543 1023 3651 acquisita,
1050 3553 1116 3628 sub
1145 3556 1314 3653 imperiali
1336 3557 1587 3636 mundiburdio
1618 3570 1653 3636 et

243 3675 423 3750 omnifaria
449 3677 669 3771 protectionis
694 3687 809 3751 nostre
838 3679 982 3752 tuitione
1000 3680 1125 3754 amodo
1152 3689 1186 3754 et
1212 3685 1383 3778 usquein
1406 3687 1651 3782 sempiternum

244 3797 448 3872 habeantur.
471 3800 604 3892 Rogatn
622 3821 763 3895 quoque
783 3801 928 3897 predicti
954 3803 1061 3898 petris
1080 3804 1168 3877 inter
1185 3804 1253 3878 alia
1269 3805 1316 3880 ad
1333 3807 1526 3902 predictum
1549 3831 1651 3886 ceno·

245 3920 341 3994 bium
357 3923 560 4017 pertinentia
575 3925 639 3996 ista
654 3925 802 4019 propriis
818 3925 985 3999 duximus
998 3929 1225 4024 exprimenda
1243 3931 1422 4006 vocabulis
1442 3960 1451 4005 :
1473 3935 1651 4009 ecclesiam

246 4047 411 4135 Stannes,
440 4047 619 4120 ecclesiam
643 4049 792 4138 Boebes,
819 4071 900 4123 cum
924 4052 1111 4148 prebendis
1128 4055 1201 4129 suis
1222 4071 1325 4151 atque
1348 4058 1509 4132 omnibus
1532 4082 1651 4134 eurum

247 4170 461 4267 pertinentiis
481 4170 637 4244 absolute
665 4181 700 4245 et
724 4173 857 4269 absquo
884 4177 953 4249 ulla
978 4177 1182 4274 exceptione
1203 4181 1391 4276 spiritualis
1412 4184 1470 4256 vel
1489 4185 1653 4259 secularis

248 4315 411 4388 persone,
438 4295 486 4368 ita
507 4295 603 4390 quod
627 4296 808 4371 advocatia
832 4300 1033 4375 earumdem
1061 4303 1281 4376 ecclesiarum
1313 4305 1474 4402 respiciet
1501 4307 1548 4380 ad
1575 4330 1651 4382 cas·

248 4416 379 4490 taldum
402 4418 555 4508 cenobii3
576 4421 756 4494 ecclesiam
780 4445 920 4519 quoque
936 4425 1065 4500 Wilare
1089 4449 1168 4499 cnm
1190 4427 1351 4500 omnibus
1377 4429 1451 4503 suis
1474 4431 1652 4528 pertinen·

249 4541 322 4633 tiis;
347 4542 528 4617 ecclesiam
553 4541 709 4640 Adollre3
730 4547 908 4622 ecclesiam
935 4549 1055 4622 briens
1077 4572 1156 4623 cnm
1180 4550 1253 4624 suis
1280 4553 1513 4648 appendiciis,
1535 4557 1654 4632 vineta

248 4685 387 4760 qnoque
404 4666 441 4738 in
461 4666 625 4743 Crissiaco
644 4679 679 4743 et
700 4671 767 4746 alia
785 4671 919 4748 noviter
937 4672 987 4746 ibi
1011 4675 1179 4771 acquisita
1196 4684 1231 4749 et
1246 4675 1362 4772 quiete
1379 4697 1537 4774 possessa
1557 4707 1566 4753 ι
1587 4683 1654 4758 ista
