4334 5980
243 555 343 614 Ianam.
362 549 422 632 tal
692 547 887 609 HISTORIA
915 545 1207 608 utrtomnrtcrt.

485 846 1403 860 -ι--ι--ι-ιι-υῌιιμ--ι--υι--ιη-

298 1156 528 1261 Fridericus,
552 1153 811 1239 Romanorum
842 1156 1047 1264 imperator
1068 1157 1209 1238 electus
1240 1165 1278 1238 ct
1308 1181 1375 1238 rex
1394 1157 1560 1267 Siciliae,
1585 1185 1655 1269 pro
1694 1176 1848 1276 mg·

106 1359 114 1366 .
246 1289 364 1400 gratis
396 1288 556 1371 servitiis
587 1287 714 1370 dilecti
746 1288 858 1370 amici
889 1289 949 1370 sui
976 1287 1135 1397 Lupoldi
1154 1288 1449 1372 Wormaciensis
1467 1291 1653 1402 episcopi,

246 1422 432 1506 uniuersis
449 1421 560 1505 bonis
577 1445 676 1530 quae
694 1420 753 1504 uel
770 1423 1030 1532 progenitores
1049 1422 1109 1505 sui
1126 1421 1186 1505 rel
1199 1421 1443 1532 imperatores
1462 1433 1529 1507 aut
1545 1451 1654 1536 reges

247 1553 296 1636 ah
312 1553 470 1638 ecclesia
487 1553 756 1639 Wormatiensi
774 1564 812 1637 ct
830 1553 981 1638 abbatia
998 1555 1232 1639 Laurissensi
1252 1553 1317 1666 (de
1334 1555 1493 1668 Lorsch)
1512 1569 1654 1643 tenue-

247 1700 337 1774 runt
353 1688 471 1773 libere
488 1698 526 1772 et
542 1687 714 1772 absolute
727 1690 931 1774 renuntiat.

327 1905 427 1979 (ΕΜ.
443 1904 617 1978 smmis,
629 1904 704 1966 Htat.
722 1905 874 1980 Wonnat„
889 1911 912 1968 t.
928 1905 975 1982 11,
991 1905 1122 1986 probat,
1135 1923 1166 1986 p.
1183 1914 1236 1982 aa,
1249 1922 1289 1968 ax
1306 1906 1388 1968 aruh.
1404 1905 1511 1970 aceles.
1523 1907 1657 1972 cathedr.

367 2009 617 2090 wormacense.)

259 2199 262 2206 ’
296 2199 490 2275 Fridericus
498 2197 560 2271 Dei
568 2196 1657 2294 gratiainitomanommimperatoremelectus‚rexSicilie,etc.,

249 2323 421 2398 universis
435 2323 558 2396 Christi
577 2321 738 2396 fidelibus
754 2330 931 2416 presentes
948 2321 1077 2396 litteras
1093 2322 1297 2418 inspecturis
1312 2323 1457 2396 salutem
1470 2323 1506 2396 iu
1522 2333 1660 2398 auctore

249 2449 380 2523 salutis.
398 2448 442 2522 Ut
455 2447 609 2522 ecclesiis
627 2455 661 2519 et
683 2446 839 2542 personis
859 2447 1117 2540 ecclesiasticis,
1135 2447 1287 2520 maxime
1309 2447 1525 2544 principibus
1542 2449 1660 2521 stillis

249 2576 411 2670 precipua
424 2573 485 2670 qui
502 2595 565 2670 pro
582 2581 698 2646 nostra
711 2574 924 2670 promotione
940 2595 995 2646 res
1009 2572 1134 2668 pariter
1147 2582 1183 2646 et
1196 2593 1359 2668 personas
1372 2595 1443 2646 nou
1458 2573 1660 2646 dubitarunt

250 2719 444 2794 exponere,
465 2719 535 2772 uon
554 2697 666 2770 solum
684 2718 725 2771 ea
743 2719 812 2792 que
829 2697 875 2770 ad
896 2698 989 2794 ipsos
1005 2697 1177 2793 pertinent
1193 2697 1301 2771 libere
1317 2719 1359 2770 ac
1375 2695 1518 2792 pacifice
1535 2696 1660 2770 dimit-

250 2831 374 2909 tamus,
391 2821 630 2894 verumetiam
650 2817 771 2894 eadem
788 2829 1011 2915 augmentare
1028 2820 1124 2913 regia
1138 2817 1372 2894 munificentia
1388 2819 1605 2914 studeamus,
1626 2829 1661 2893 et

251 2945 325 3042 ipsa
335 2945 422 3020 ratio
433 2944 1010 3042 persuadetetounsiderationostri
1021 2944 1210 3019 adversarii
1222 2965 1285 3018 nus
1296 2944 1660 3042 inducit,quipropter

251 3071 339 3144 facta
366 3069 535 3144 contraria
561 3069 749 3166 prenotatis
777 3069 1019 3144 adversitatem
1044 3069 1223 3143 huminum
1250 3077 1286 3142 et
1308 3070 1474 3144 offensam
1503 3069 1660 3145 divinam

251 3195 376 3267 meruit
404 3195 585 3268 sustinere.
619 3195 835 3296 Quapropter
859 3215 923 3267 nos
951 3193 1156 3290 multiplicia
1177 3203 1212 3266 et
1239 3194 1365 3282 deuota
1395 3193 1660 3290 obsequiaque

252 3315 396 3392 dilectus
413 3319 545 3392 amicus
567 3326 682 3392 noster
703 3317 899 3413 Lupoldus,
915 3317 1169 3391 Wormaoensis
1185 3318 1368 3415 episcopus
1387 3317 1454 3416 (t),
1475 3319 1575 3392 uobis
1593 3319 1660 3392 sub

251 3443 350 3538 gravi
370 3443 523 3540 periculo
544 3451 580 3516 et
600 3442 718 3515 labore
738 3463 780 3514 ac
804 3429 1039 3515 immoderatis
1061 3441 1225 3537 expensis
1251 3451 1285 3514 ct
1308 3439 1469 3538 dampnis
1493 3441 1662 3539 impendit
1695 3419 1698 3428 ’

251 3565 451 3662 diligentius
472 3565 706 3660 attendentes,
731 3565 903 3639 universis
924 3566 1025 3639 bonis
1044 3588 1115 3660 que
1132 3565 1190 3640 vel
1213 3567 1449 3663 progenitores
1473 3569 1582 3640 nostri
1603 3567 1662 3641 vel

251 3691 308 3766 alii
330 3691 531 3788 quicunque
551 3691 773 3787 imperatores
795 3700 856 3765 aut
871 3712 972 3786 reges
995 3699 1181 3763 tenuerunt
1197 3691 1243 3764 ab
1261 3691 1405 3766 ecclesia
1421 3693 1662 3767 Wormatiausi

252 3825 285 3889 et
304 3815 444 3891 abbatia
460 3815 673 3890 Lamissensi
693 3816 767 3890 sive
788 3838 858 3910 que
878 3817 962 3892 alias
979 3815 1195 3912 occupabant
1213 3814 1258 3890 de
1276 3817 1376 3890 bouis
1394 3817 1524 3890 eisdem
1547 3819 1662 3892 accle-

252 3939 311 4012 siis
333 3940 605 4037 pertinentibus,
625 3939 734 4014 iibere
749 3949 785 4014 et
799 3941 956 4016 absolute
972 3941 1018 4014 de
1035 3941 1127 4016 bona
1146 3948 1180 4014 et
1202 3949 1391 4037 spontanea
1411 3943 1587 4016 voluntate
1605 3961 1660 4014 re·

251 4065 467 4158 nuntiamus;
484 4075 520 4138 et
528 4063 695 4158 jamdicto
706 4063 869 4161 episcopo
881 4065 1023 4160 suisque
1035 4066 1292 4140 successoribus
1301 4066 1505 4140 dimittimus
1516 4063 1660 4161 pacifice

252 4199 286 4262 et
302 4190 419 4286 quiete
437 4191 473 4262 in
494 4200 669 4288 posterum
690 4189 912 4286 possidenda.
934 4191 1091 4264 Pretorea
1112 4191 1276 4264 uniuersa
1290 4191 1370 4284 jura
1387 4199 1456 4264 tam
1476 4188 1659 4264 ecclesias-

289 4498 324 4572 (t)
341 4497 416 4555 Idem
427 4497 478 4556 isto
489 4495 535 4571 qui
548 4495 663 4570 Philippi
675 4495 765 4554 tautn
774 4494 912 4562 assiduum,
934 4509 1004 4551 anuo
1023 4496 1092 4553 ⁴205
1105 4493 1132 4550 in
1144 4492 1247 4550 ltaliam
1260 4493 1338 4567 quasi
1347 4492 1450 4566 legatus
1461 4493 1520 4566 ejus
1532 4497 1658 4566 venerat,

251 4595 285 4652 ad
298 4594 487 4668 patrimonium
499 4593 571 4651 beati
579 4593 651 4651 Petri
661 4599 689 4651 et
697 4593 786 4668 ipsum
799 4607 896 4666 papam
909 4591 1130 4666 impugnandum.
1141 4590 1180 4648 Cf.
1192 4590 1274 4649 Cass.
1284 4591 1445 4662 Harsrma„
1456 4591 1532 4648 Diui.
1546 4593 1660 4662 Minue,

253 4699 272 4749 t.
287 4693 325 4765 11,
337 4709 366 4767 p.
380 4695 406 4763 9,
417 4694 557 4766 etitepctt.
571 4693 664 4750 Inaoe.
677 4693 734 4762 111,
745 4691 793 4766 cp.
809 4691 978 4762 Bmouruar,
993 4697 1014 4746 t.
1030 4691 1067 4761 11,
1079 4707 1108 4764 p.
1123 4691 1186 4761 723,
1199 4697 1226 4748 et
1239 4691 1362 4762 Bataua,
1375 4695 1395 4748 t.
1411 4689 1438 4762 l,
1448 4707 1477 4766 p.
1488 4691 1552 4750 752.

349 4793 377 4855 I.
1464 4801 1502 4853 29
