4334 5980
194 592 369 670 lantcr.15.]
649 587 845 649 HISTORIA
871 587 1164 650 DlPLObllll'le.
1548 585 1609 646 215

194 725 330 808 chione
347 724 396 806 de
412 721 501 806 Este
518 719 573 802 eis
592 745 632 803 se
649 719 822 804 liberarit
840 719 901 832 (1)
920 731 958 803 et
979 747 1068 804 cum
1089 720 1258 804 mammo
1281 719 1423 830 gaudio
1442 720 1608 802 Cremo-

196 883 286 941 nam
310 855 478 938 intrauit.
500 853 618 940 Ocea.
647 853 777 962 Paurs,
806 857 957 960 donat,
983 881 1046 964 ap.
1071 855 1277 960 Mnemon,
1306 851 1463 962 script,
1486 861 1516 933 t.
1537 851 1608 954 Vl,

194 1017 235 1102 p.
256 987 701 1072 403.-Cremonenses
718 1012 808 1070 eum
827 989 1054 1072 Cremonam
1076 1015 1165 1072 cnm
1186 987 1354 1098 tripudio
1381 997 1417 1070 et
1443 983 1614 1068 hastilu-

196 1123 261 1208 dio
283 1123 538 1206 deduxerunt.
563 1119 655 1204 lnde
681 1121 876 1206 Mantuam
899 1131 937 1204 et
957 1121 1147 1206 Veronam
1166 1121 1227 1233 (2)
1250 1131 1366 1231 atque
1387 1118 1610 1204 Tridentum

196 1255 353 1340 feliciter
384 1254 573 1338 transiens
608 1253 648 1337 in
686 1253 849 1364 singulis
886 1254 1046 1340 urbibus
1078 1257 1199 1340 extitit
1234 1255 1436 1367 gloriosus.
1463 1253 1609 1335 Srcunnr

198 1417 309 1472 rrrsc.
332 1387 521 1486 chronic,
545 1413 608 1497 ap.
629 1387 834 1492 Monsron,
857 1387 1016 1498 Script,
1038 1398 1068 1474 t.
1084 1388 1170 1495 Vll,
1186 1416 1225 1498 p.
1243 1389 1336 1472 625.

442 1701 904 1712 -n———u-m-un-
915 1701 1168 1714 -nno-u-Q-o-n-nu
1179 1702 1195 1712 ι.
1220 1703 1242 1713 ι
1256 1705 1267 1714 ι
1282 1703 1292 1712 υ
1306 1704 1380 1714 ..ι-.-

253 2000 409 2084 Interim
425 1999 637 2084 Fridericus
655 2027 745 2086 cum
763 2028 840 2088 non
858 2013 987 2114 posset
1004 2003 1146 2088 mento
1163 2005 1297 2090 itinere
1314 2007 1440 2090 venire
1458 2005 1497 2087 in
1517 2005 1616 2090 Ale·
1659 2020 1799 2126 Ἠῶ

201 2135 418 2241 manniam,
438 2135 487 2218 de
502 2133 602 2218 valle
624 2135 845 2222 Tridentino
869 2163 938 2246 per
955 2139 1163 2248 asperrima
1181 2139 1264 2224 loca
1282 2139 1438 2249 Alpium
1455 2149 1494 2223 et
1514 2140 1617 2222 inuia
1645 2127 1811 2228 didm

199 2279 238 2351 et
264 2267 361 2379 juga
391 2268 580 2352 montium
610 2268 909 2353 eminentissima
934 2271 1170 2382 obliquando
1200 2273 1271 2356 iter
1297 2299 1430 2378 suum,
1456 2273 1616 2357 venitin

200 2399 398 2483 Rhaetiam
423 2400 657 2484 Curiensem.
673 2401 806 2512 ibique
822 2412 995 2512 receptus
1017 2404 1067 2487 ab
1089 2403 1265 2515 episcopo
1285 2405 1465 2489 Curiense
1482 2416 1520 2489 et
1538 2405 1618 2489 ab·

201 2533 289 2618 bate
307 2533 435 2616 Sancti
454 2533 552 2618 Galli
570 2545 608 2616 et
624 2534 745 2618 nobili
762 2534 844 2619 uiro
861 2519 1022 2619 Henrico
1044 2536 1092 2619 de
1110 2536 1227 2620 Saoce
1246 2536 1323 2648 (o),
1338 2539 1543 2647 perductus
1561 2549 1618 2620 est

202 2692 325 2776 usque
342 2667 531 2750 ciuitatem
547 2667 808 2750 Constantiam
823 2667 899 2778 (5).
910 2671 1072 2754 conrad.
1085 2669 1457 2780 b'rrperq.clronic.,
1467 2698 1507 2780 p.
1519 2673 1615 2752 245.

1661 2233 1801 2288 septembri]

244 2855 285 2932 (a)
308 2857 512 2918 Verlslmllltcr
529 2853 564 2916 de
577 2857 673 2932 Saso,
688 2855 856 2920 Helenae.

253 3034 275 3041 -.
282 3033 364 3041 .·--
640 3035 1067 3046 ——-.--.------—-.--—--—
1538 3041 1588 3048 --.
1596 3041 1611 3048 .-

240 3147 276 3221 (t)
296 3147 327 3206 lu
336 3163 444 3206 recessu
458 3163 523 3206 vero
533 3147 676 3223 Papieuses
687 3163 704 3206 a
717 3148 960 3208 Mediolanensibus
972 3149 1007 3206 ad
1024 3149 1200 3223 impmrisum
1211 3149 1364 3224 intercepti,
1377 3155 1486 3206 centum
1499 3151 1555 3208 lere
1567 3153 1619 3209 mi·

203 3245 263 3302 lites
276 3245 303 3302 ri
321 3251 415 3320 captos
425 3245 581 3302 amiserunt.
592 3245 631 3304 Cl.
646 3245 734 3304 Oeen
748 3247 841 3316 Pauus,
857 3245 1018 3318 tenacitem,
1034 3263 1063 3320 p.
1076 3247 1127 3302 lot
1137 3263 1144 3316 ;
1155 3245 1265 3303 Sicord.
1280 3246 1401 3302 ebronis.
1414 3261 1476 3304 cum
1489 3249 1616 3306 varianti·

203 3341 256 3400 bus
266 3343 326 3401 Est.
336 3343 401 3401 Cod.
421 3349 450 3400 et
468 3343 599 3401 Obrenic.
614 3344 748 3411 Cromen,
762 3349 782 3400 t.
798 3345 862 3414 Vll,
877 3361 905 3418 p.
926 3347 988 3400 639.
1002 3365 1015 3392 ι
1026 3344 1119 3418 Nuper
1138 3360 1201 3400 cum
1220 3343 1310 3400 dilecti
1323 3342 1369 3399 lilii
1383 3344 1457 3401 cives
1472 3344 1621 3419 Papieuses

205 3461 219 3494 s
235 3441 422 3499 charissimum
433 3441 461 3498 in
473 3441 579 3500 Christo
592 3439 676 3498 lilium
690 3447 812 3498 nostrum
825 3441 982 3500 Federicum
995 3439 1083 3498 Sicilie
1096 3457 1186 3515 regem
1199 3441 1329 3498 illustram
1339 3442 1374 3498 de
1383 3448 1475 3500 nostro
1492 3444 1622 3502 mandato

206 3557 220 3592 ι
234 3539 430 3610 conducerent,
444 3539 499 3596 irno
511 3540 570 3612 jam
583 3539 774 3597 conduxissent
792 3545 820 3596 et
838 3539 1013 3596 recessissent
1028 3539 1063 3596 ab
1076 3555 1123 3608 eo,
1140 3554 1191 3596 ros
1210 3545 1290 3612 rupto
1304 3539 1410 3597 uinculo
1424 3541 1533 3612 federis,
1552 3549 1621 3612 etc,

206 3655 220 3688 ι
235 3637 321 3694 dictos
334 3639 408 3694 cives
418 3637 541 3710 nequiter
552 3637 695 3694 invasistis
710 3637 823 3711 »Epist
833 3638 927 3695 laneo.
936 3655 1000 3712 pap.
1011 3635 1257 3694 Mediolanensibus
1269 3637 1373 3696 directo
1386 3639 1425 3712 (et
1439 3641 1529 3698 octob.
1538 3643 1619 3714 tili)

206 3749 250 3808 ap.
263 3735 385 3806 Burnus,
399 3742 419 3791 t.
433 3735 456 3792 ll
467 3779 474 3806 ,
486 3753 514 3810 p.
525 3738 588 3791 693.
791 3811 793 3818 Ι

242 3833 280 3904 (2)
298 3833 338 3890 lix
351 3833 526 3906 inscriptione
539 3831 566 3889 in
578 3831 646 3890 lacis
655 3831 787 3889 ecclesiae
801 3833 891 3890 Sancti
902 3831 1031 3906 Stephani
1042 3832 1204 3890 Veronensis
1215 3831 1358 3906 insculpta,
1371 3831 1498 3891 discimus
1512 3852 1564 3908 qua
1574 3837 1619 3892 die

206 3927 356 3987 Fridericus
375 3929 509 3988 Veronam
529 3929 690 3986 intraverit:
706 3945 747 3986 rur
765 3943 897 3986 exaurire
914 3943 1041 3986 sucusro
1057 3929 1107 4001 (25
1125 3928 1197 4003 aug.)
1213 3945 1306 3986 uccxrr
1324 3947 1487 3988 rnnrcrrornr
1505 3948 1544 3988 xv
1561 3947 1620 3990 eux

206 4039 368 4084 reaumaus
384 4043 469 4084 vmrrr
487 4043 572 4084 raum
589 4041 735 4096 amaneu,
751 4031 805 4082 eto.
822 4026 994 4094 Brancourur,
1008 4027 1102 4084 Nocte.
1117 4033 1183 4083 ster.
1195 4025 1263 4084 delle
1278 4026 1366 4085 ebione
1381 4027 1412 4084 dr·
1425 4029 1541 4097 Verona,
1554 4035 1574 4086 t.
1587 4029 1618 4096 l,

205 4139 234 4196 p.
250 4127 284 4181 20
299 4131 327 4182 et
340 4140 417 4198 seqq.

240 4221 277 4293 (³)
299 4221 367 4278 «Ad
380 4221 562 4280 Comtautiam
584 4237 669 4296 usque
687 4221 853 4295 perducitur,
867 4219 967 4278 Ottonc
988 4220 1094 4278 interim
1111 4221 1146 4276 ad
1166 4221 1325 4296 Uberliagas
1344 4237 1407 4279 eum
1427 4237 1477 4280 suo
1494 4231 1620 4280 manente

205 4317 332 4374 exercitu.
347 4318 497 4392 Episcopus
509 4319 667 4376 cuonradus
679 4317 714 4374 de
726 4317 872 4390 Tegerveld
885 4317 993 4375 interim
1011 4333 1066 4374 non
1081 4316 1151 4374 bene
1169 4317 1318 4389 animatum,
1329 4318 1393 4376 licet
1405 4319 1619 4376 excommunica·

206 4419 263 4472 nrm
275 4413 465 4489 imperatorem
479 4416 608 4487 audierit,
619 4431 730 4474 suorum
749 4415 927 4489 quorumdem
943 4415 1054 4472 oonsilio
1073 4413 1159 4488 ipsum
1180 4413 1208 4470 in
1228 4415 1336 4472 civitate
1356 4432 1410 4473 non
1426 4416 1484 4472 siue
1501 4417 1624 4490 periculo

205 4511 249 4569 sui
262 4511 430 4588 aliorumque
441 4513 586 4572 multorum
601 4511 767 4582 admisisset;
786 4509 931 4570 animosior
943 4515 1034 4568 autem
1048 4509 1134 4568 bolus
1145 4509 1203 4568 viso
1221 4509 1318 4568 abbate
1331 4509 1370 4585 [S.
1380 4510 1458 4587 Galli]
1472 4528 1534 4570 cum
1546 4519 1620 4572 taum

207 4608 322 4668 militum
336 4609 499 4684 frequentia,
514 4618 595 4685 pente
612 4611 726 4681 munito,
738 4608 827 4668 locum
841 4608 928 4680 dedit,
946 4614 976 4666 ut
989 4614 1018 4666 et
1032 4607 1278 4666 excommunicatus
1291 4623 1346 4666 non
1356 4609 1452 4682 solum,
1462 4611 1511 4670 sed
1525 4617 1554 4670 et
1567 4627 1624 4668 orn·

208 4705 289 4765 uibus
301 4707 506 4766 denuntiaretur
514 4723 575 4767 csse
583 4709 719 4767 uitandus.
727 4705 835 4764 Ethaec
843 4723 892 4782 per
900 4704 1155 4781 [arobi]episoopum
1163 4705 1318 4776 Berensem,
1329 4705 1444 4779 legatum
1452 4708 1625 4782 apostolieae
