4434 5942
256 583 355 646 iunior.
371 581 416 658 3.]
705 579 903 645 HISTORIA
930 577 1224 641 nlrtotrarice.
1633 579 1674 641 43

203 793 211 806 ,
255 720 368 794 socios
389 718 466 811 siue
487 714 694 811 recipientes
718 715 895 792 humiliter
914 725 949 792 et
969 715 1095 792 devote
1114 725 1149 789 et
1170 715 1206 788 in
1230 713 1427 788 subsidium
1450 724 1604 789 vestrum
1629 738 1672 790 ac

255 843 355 938 regni
378 851 414 916 et
434 839 679 914 exterminium
699 839 850 916 hostium
871 845 974 937 juxta
993 841 1197 916 mandatum
1212 841 1366 936 ipsorum
1382 849 1539 936 potenter
1558 851 1593 914 et
1611 843 1672 914 vi-

255 969 363 1042 riliter
382 973 621 1061 assurgentes,
644 965 697 1040 eie
718 965 765 1040 de
784 968 883 1060 regni
906 967 1133 1063 proventibus
1159 967 1196 1040 in
1219 965 1416 1040 subsidium
1439 987 1671 1061 expensarum

253 1102 293 1170 et
308 1092 482 1190 stipendia
506 1091 656 1164 militurn
673 1091 883 1186 respondere
899 1092 1045 1182 curetis,
1065 1113 1145 1166 oum
1167 1091 1265 1188 quod
1282 1091 1493 1187 quibusdum
1508 1112 1556 1164 ex
1572 1091 1674 1166 robis

256 1217 427 1292 hactenus
443 1238 506 1313 pro
524 1215 727 1292 necessitate
753 1216 918 1313 temporis
942 1215 991 1292 ad
1015 1217 1242 1291 munitionem
1266 1216 1407 1289 urbium
1431 1226 1673 1290 oleastrorum

256 1343 433 1418 indultum
459 1342 571 1418 iuerat
591 1342 649 1416 rel
679 1341 906 1438 permissum,
932 1341 1082 1415 velimus
1107 1341 1310 1416 necessitate
1337 1350 1493 1426 oeesame
1522 1363 1671 1416 cesama

245 1467 422 1572 ,Alioquin
440 1488 505 1540 noe
525 1465 570 1541 de
593 1475 708 1542 cetero
723 1466 822 1564 apud
837 1468 949 1540 Deum
964 1475 999 1538 et
1015 1465 1173 1540 homines
1195 1467 1323 1540 erimrm
1341 1467 1517 1560 excusati,
1537 1466 1568 1539 si
1588 1467 1675 1561 quid

256 1593 360 1668 vobis
377 1590 516 1666 adversi
534 1591 729 1686 contigerit,
748 1614 829 1666 cum
844 1591 1044 1688 vobisipsis
1058 1591 1174 1665 nolitis
1191 1591 1325 1665 adesse.
1347 1592 1440 1664 Licet
1455 1591 1548 1664 enim
1566 1593 1676 1664 multa

258 1718 360 1794 nobis
383 1727 420 1792 et
445 1739 573 1810 magna
600 1719 768 1814 promissa
796 1717 924 1791 luerint
945 1725 980 1790 ot
1004 1717 1139 1809 oblata,
1166 1716 1328 1790 universa
1350 1725 1465 1788 tamen
1488 1738 1551 1812 pro
1576 1715 1677 1790 vobis

257 1843 360 1939 quem
383 1851 535 1916 stercora
553 1843 753 1916 curavimus
769 1863 941 1916 recusare.
962 1842 1006 1915 Et
1023 1863 1085 1936 pro
1103 1850 1196 1914 certo
1214 1841 1280 1913 nisi
1298 1849 1414 1914 nostra
1428 1861 1494 1914 vos
1510 1841 1677 1915 defendat

258 1967 465 2062 aumoritus,
492 1969 730 2064 experimento
760 1967 949 2063 probabitis
974 1967 1122 2064 qualiter
1150 1965 1226 2040 sine
1255 1965 1356 2040 nohis
1381 1975 1496 2041 vestra
1520 1987 1585 2040 vos
1605 1987 1675 2042 uon

258 2093 369 2191 possit
386 2094 538 2190 potentia
552 2093 744 2167 defensare.

306 2218 434 2291 Datum
451 2218 622 2308 laterani,
641 2218 686 2289 lll
700 2237 811 2291 nonas
823 2218 1001 2310 februarii,
1020 2215 1240 2315 pontificatus
1255 2237 1347 2290 anno
1363 2215 1404 2288 ll.

311 2795 525 2880 Fridericus
542 2822 610 2882 rex
626 2797 775 2883 Siciliae
787 2798 982 2883 Joechimo
1000 2797 1129 2884 abbati
1143 2799 1192 2882 de
1208 2797 1320 2882 Flore
1336 2795 1498 2880 liberam
1510 2807 1677 2910 poteste-
1709 2817 1870 2917 efflet

258 2939 337 3014 om
367 2933 540 3018 concaua
570 2932 793 3018 auncurt
819 2934 979 3018 romum
1009 2932 1205 3044 religionis
1231 2930 1403 3042 ejusaem
1429 2932 1470 3014 n
1496 2933 1581 3018 1000
1607 2935 1675 3045 qur
1744 2904 1845 2972 Μ’

258 3065 399 3150 dicitur
417 3065 540 3177 Caput
557 3066 720 3174 Album,
744 3091 834 3152 cum
860 3067 981 3152 libera
1003 3066 1240 3177 possessione
1265 3065 1444 3150 territorii
1467 3066 1676 3178 adjacentis

258 3223 327 3307 per
344 3199 511 3310 spatium
528 3199 634 3284 mille
650 3225 837 3310 passuum
854 3209 934 3284 tem
949 3201 989 3284 in
1005 3199 1247 3312 longitudine
1263 3225 1383 3310 quam
1400 3199 1441 3282 in
1458 3198 1671 3286 latitudine.

342 3415 440 3492 (Edirl.
455 3415 612 3492 Uerrmnr,
627 3413 693 3478 ital
709 3433 802 3496 moro,
822 3423 846 3478 t.
869 3417 934 3494 IX,
950 3434 979 3496 p.
999 3427 1068 3498 rer,
1082 3434 1120 3480 ex
1140 3416 1208 3478 cori.
1230 3416 1341 3479 Pelusii
1360 3415 1511 3495 quondam
1530 3433 1619 3496 penes
1640 3418 1675 3482 C.

380 3521 552 3598 Turinum.)

308 3709 349 3782 ln
370 3710 512 3784 nomine
529 3709 592 3784 liei
614 3710 723 3784 eterni
745 3719 781 3784 et
802 3709 990 3785 Salvatoris
1013 3709 1119 3784 nosni
1145 3710 1227 3782 iesu
1250 3708 1385 3782 Christi.
1408 3708 1533 3785 Amen.
1555 3713 1678 3789 Fride-

259 3831 353 3908 ricus
370 3833 490 3908 divina
506 3836 645 3910 invente
668 3835 850 3910 clementia
868 3857 933 3910 rex
947 3835 1076 3929 Sioilie,
1096 3833 1245 3909 ducatus
1260 3833 1387 3932 Apulia
1407 3845 1442 3910 et
1463 3839 1678 3937 principatus

259 3953 388 4054 Capue.
415 3957 557 4034 Gratum
579 3960 724 4034 creatori
747 3969 864 4034 nostro
889 3981 1019 4047 munus
1043 3956 1220 4034 offerimus
1245 3969 1280 4032 et
1302 3960 1549 4037 beneficiorum
1570 3987 1591 4039 e
1614 3988 1678 4040 sue

260 4082 370 4176 gratie
387 4084 604 4180 plenitudine
624 4093 865 4182 perceptorum
882 4106 954 4158 non
973 4083 1136 4158 videmur
1154 4085 1391 4178 immemores,
1410 4090 1547 4182 quoi-ies
1561 4111 1676 4164 sacro·

261 4207 389 4280 sanctis
415 4209 570 4282 ecclesiis
596 4217 631 4284 ct
656 4209 742 4284 locis
765 4209 887 4284 divino
908 4209 1099 4284 ministerio
1120 4209 1297 4306 deputatis
1318 4213 1445 4286 mentis
1467 4215 1577 4289 aciem
1598 4238 1677 4290 ver·

260 4328 368 4406 timue
388 4342 423 4406 et
443 4333 598 4429 ipsorum
617 4333 880 4410 necessitatibus
900 4335 1035 4432 pietatis
1052 4356 1215 4410 curamus
1234 4335 1351 4411 studio
1367 4338 1566 4413 subvenire.
1590 4339 1677 4415 lude

259 4457 425 4552 estquod
445 4481 524 4533 cum
543 4468 594 4553 tu,
617 4459 824 4534 venerabilis
843 4459 952 4534 abbas
968 4461 1123 4534 loaohim
1139 4461 1185 4535 de
1201 4463 1310 4554 Flore,
1329 4463 1467 4536 venires
1482 4463 1529 4538 ari
1543 4466 1674 4539 curiam

259 4587 425 4676 noenum,
439 4585 631 4682 exposuisti
644 4585 814 4680 majestati
828 4593 945 4659 nostre
959 4585 1056 4680 quod
1069 4587 1105 4659 in
1119 4589 1195 4661 loco
1207 4585 1270 4682 qui
1283 4586 1411 4661 dicitur
1422 4587 1534 4685 Caput
1545 4587 1674 4665 Album

259 4701 296 4776 in
318 4714 474 4784 extrema
490 4718 590 4808 parte
608 4711 679 4788 Sile
696 4733 767 4808 qne
783 4711 920 4806 aliiaoet
940 4711 1072 4786 civitati
1092 4711 1296 4808 cusentino,
1319 4712 1404 4810 quia
1420 4714 1466 4790 ob
1483 4716 1672 4794 maximam
