4434 5942
229 585 389 664 lrnrcr.3.]
682 583 877 647 HISTORIA
903 585 1193 649 utrbouhutca
1599 593 1640 657 ³9

228 724 430 798 obsorvmt
446 719 509 814 qui
529 723 763 811 iuramentum
778 722 879 795 nobis
896 721 1036 818 publice
1054 723 1236 818 prestitum
1255 744 1325 796 non
1347 725 1512 798 servavit.
1535 729 1640 802 lntel-

228 848 376 942 ligenter
401 843 507 938 igitur
531 843 711 938 iutelligite
728 845 909 920 veritatem
931 855 966 919 et
990 847 1027 920 in
1048 847 1147 920 solita
1169 849 1427 943 progenitorum
1447 861 1640 928 vesbcrum

228 981 265 1044 et
277 979 393 1045 vestre
413 968 589 1042 fidelitatis
604 971 794 1044 constantin
807 979 1058 1066 permanentes,
1081 993 1150 1046 uon
1169 973 1360 1064 subjiciatis
1377 995 1441 1048 uos
1458 985 1492 1049 et
1509 987 1641 1051 vestros

228 1105 385 1192 posteros
399 1095 486 1188 jugo
501 1093 597 1185 ejus;
614 1093 710 1187 qucd
726 1095 789 1167 etsi
805 1095 983 1168 videretur
996 1096 1032 1167 in
1050 1097 1148 1168 initio
1162 1098 1252 1187 leve,
1270 1099 1356 1170 cclla
1370 1108 1484 1172 tamen
1499 1110 1638 1194 gestan·

228 1220 315 1290 tium
330 1219 367 1290 in
386 1217 455 1290 line
471 1219 699 1311 confringeret
721 1228 761 1291 ut
778 1219 836 1292 vel
853 1220 970 1294 nullus
991 1221 1047 1294 vel
1075 1221 1208 1296 inutilis
1225 1233 1316 1296 esset
1337 1223 1523 1318 penitentie
1544 1227 1640 1300 locus

228 1352 412 1439 postquam
431 1363 555 1416 cancer
573 1341 739 1416 vitalibus
754 1342 957 1438 irrepsisset.
974 1344 1130 1438 Cogitare
1147 1345 1281 1420 debetis
1302 1346 1398 1442 quod
1422 1369 1502 1420 cum
1522 1361 1642 1426 contra

229 1469 416 1541 Saracenos
437 1467 537 1538 multi
555 1466 629 1558 jam
647 1467 903 1559 conjuraverint
926 1468 1096 1564 principes
1114 1467 1309 1542 Occidentis
1334 1479 1368 1541 et
1391 1473 1499 1546 multa
1519 1477 1639 1570 populi

229 1589 433 1680 multitudo,
463 1599 639 1686 assumpto
664 1590 778 1663 crucis
800 1590 991 1686 signaculo,
1010 1593 1045 1663 in
1069 1593 1228 1687 proximo
1244 1593 1450 1689 disposuerit
1478 1601 1637 1673 transfre-

229 1723 314 1806 tare,
334 1716 364 1788 si
383 1735 448 1788 vos
464 1724 582 1789 contra
605 1713 809 1788 christianos
823 1715 1060 1804 Marccvaldc,
1080 1716 1110 1788 si
1124 1717 1382 1790 Marcovaldum
1399 1720 1501 1794 vobis
1520 1731 1639 1798 contra
1689 1745 1692 1754 ·

227 1859 345 1932 regem
367 1860 515 1934 puerum
541 1839 746 1934 contingerit
768 1839 953 1928 adherere,
974 1841 1011 1912 in
1033 1863 1097 1914 vos
1119 1863 1214 1916 mma
1235 1853 1473 1917 converterent
1491 1855 1526 1918 et
1544 1847 1637 1922 llar-

229 1961 398 2036 cosaldus
411 1981 491 2036 cum
502 1963 597 2037 vires
605 1983 725 2036 eorum
738 1964 908 2036 sustinere
919 1985 989 2037 non
1001 1975 1129 2060 posset,
1141 1967 1293 2062 ipsorum
1303 1969 1436 2042 animos
1446 1970 1569 2043 volens
1581 1973 1638 2046 vel

229 2085 362 2160 invitus
385 2087 556 2180 sanguine
572 2097 687 2160 uestro
705 2087 854 2182 placaret
868 2097 903 2160 et
918 2089 1026 2160 vitam
1043 2110 1142 2161 suam
1165 2091 1350 2164 redimeret
1374 2103 1483 2165 morte
1508 2103 1635 2170 vestra.

226 2213 410 2286 blonemus
427 2211 533 2307 iffl'tur
548 2211 807 2286 universitatem
823 2221 987 2304 vestrum,
1001 2206 1216 2287 consolinus
1237 2223 1272 2288 ct
1287 2215 1539 2313 hortamurper
1554 2241 1636 2316 apo

228 2334 348 2409 stclica
361 2335 462 2409 vobis
479 2337 604 2434 scripta
621 2336 775 2411 districte
786 2337 1009 2434 precipiendo
1025 2335 1231 2412 mandantes
1242 2349 1414 2435 quatenus
1427 2341 1463 2414 in
1477 2341 1542 2417 hcc
1556 2367 1636 2440 pro·

227 2461 422 2555 genitorum
439 2470 632 2534 vestrorum
648 2463 872 2535 constantiam
891 2461 1063 2535 imitantes
1079 2485 1144 2535 nec
1160 2463 1285 2558 ingrati
1301 2465 1547 2541 beneficiorum
1566 2492 1636 2565 que

226 2583 326 2657 vobis
346 2603 451 2677 reges
468 2583 583 2658 Sicilie
601 2585 837 2674 contulerunt,
856 2584 1072 2660 attendentes
1094 2587 1197 2660 etiem
1220 2589 1521 2664 mansuetudinem
1542 2592 1636 2688 Apo·

226 2709 345 2782 stolice
365 2709 467 2782 Sedis
479 2731 548 2804 qne
566 2730 631 2784 vos
651 2731 721 2782 non
743 2710 864 2782 solum·
880 2721 1104 2788 manutenere
1127 2713 1202 2784 vult
1222 2713 1258 2784 in
1283 2714 1385 2787 bonis
1407 2717 1636 2791 consuetudi-

227 2833 345 2922 nibus,
357 2831 420 2907 sed
433 2853 578 2926 augere,
592 2834 621 2906 si
634 2835 672 2908 in
688 2832 872 2910 devotione
884 2845 999 2911 nostm
1011 2847 1047 2910 et
1059 2835 1223 2911 fidelitate
1238 2837 1334 2928 regia
1347 2839 1550 2932 persistatis,
1566 2863 1636 2914 non

227 2957 377 3032 credetis
386 2959 675 3054 promissionibus
689 2969 724 3032 et
738 2961 880 3034 fallaciis
896 2961 1177 3056 Marcovaldiqui
1193 2962 1239 3035 ad
1255 2962 1322 3036 hoc
1339 2963 1450 3036 solum
1468 2965 1637 3059 promittit

227 3090 267 3154 ut
282 3083 391 3173 fallat,
409 3082 454 3154 ad
472 3081 540 3157 hcc
560 3082 646 3156 lallit
663 3091 703 3154 ut
724 3103 787 3156 vos
811 3083 919 3178 possit
940 3105 1004 3156 sue
1021 3084 1195 3181 tyrannidi
1217 3085 1416 3178 subjugare.
1434 3088 1503 3162 Nos
1520 3097 1636 3162 autem

225 3207 263 3278 in
279 3205 515 3280 detonsionem
531 3217 682 3282 vestram
698 3216 734 3280 et
751 3208 1045 3304 expugnationem
1063 3209 1174 3304 ipsius
1186 3209 1351 3283 dilectum
1368 3209 1477 3284 filium
1491 3211 1528 3284 C.
1544 3213 1636 3285 tituli

225 3331 341 3404 Sancti
357 3331 530 3405 laurentii
548 3332 585 3404 in
601 3331 731 3406 Lucina
744 3333 983 3428 presbyterum
1002 3331 1213 3406 cardinalem
1230 3344 1265 3408 et
1283 3335 1496 3408 venerabiles
1516 3337 1636 3411 fratres

225 3464 360 3528 nostros
380 3455 645 3551 Neapolitanum
663 3463 698 3528 et
717 3456 937 3530 Tarentinum
955 3456 1232 3554 archiepiscopos
1248 3467 1284 3531 et
1301 3459 1446 3532 dilectos
1462 3457 1551 3534 filios
1572 3482 1637 3536 no-

225 3579 314 3652 biles
333 3580 426 3654 viros
451 3580 617 3655 Iacobum
640 3579 913 3654 mareschalcum
939 3591 974 3654 et
1001 3581 1156 3656 Odonem
1181 3583 1227 3656 de
1249 3582 1468 3658 Palumbaria
1490 3606 1638 3660 consuu-

225 3703 374 3796 guinecs
391 3713 526 3781 nostros
548 3704 585 3778 iu
608 3723 754 3799 regnum
772 3703 957 3800 dirigimus
983 3728 1063 3778 cunr
1088 3708 1242 3782 exercitu
1259 3707 1417 3803 copioso,
1436 3718 1516 3784 autc
1537 3712 1638 3803 cujus

226 3838 450 3924 conspectum
464 3827 705 3904 Marcovaldus
717 3829 917 3922 subsistere,
935 3830 1039 3904 dante
1053 3831 1213 3922 Domino,
1231 3853 1301 3906 non
1314 3833 1461 3926 valebit,
1479 3834 1542 3910 sed
1557 3857 1637 3910 cum

228 3953 402 4026 universis
432 3953 639 4048 sequacibus
665 3962 700 4026 et
727 3954 920 4028 fautoribus
947 3955 1020 4028 suis
1046 3955 1310 4050 irreparabiliter
1336 3968 1541 4034 conteretur.
1571 3962 1638 4034 Ile·

227 4075 344 4150 dimm
360 4086 477 4152 autem
495 4077 611 4152 eidem
629 4079 743 4171 legato
758 4087 793 4152 et
807 4079 969 4152 omnibus
992 4080 1129 4152 nunciis
1146 4081 1271 4156 nostris
1293 4082 1481 4157 districtius
1501 4084 1536 4154 in
1558 4105 1638 4178 pre·

227 4201 337 4296 ceptis
354 4210 394 4274 ut
416 4221 481 4276 vos
500 4211 747 4278 manuteneant
768 4211 803 4275 et
825 4202 1013 4278 defendant
1032 4214 1067 4276 ct
1088 4204 1124 4276 in
1148 4205 1248 4280 bonis
1273 4217 1395 4280 curent
1417 4206 1636 4280 consuctudi-

223 4325 328 4400 nibus
345 4325 532 4418 adaugere.

271 4453 399 4526 Datum
412 4451 582 4526 laterani.

275 4571 491 4673 [Sequuntur
500 4573 553 4670 (n⁰
567 4572 654 4670 245)
664 4574 796 4648 litterae
810 4574 915 4662 claro,
927 4575 1095 4650 militibus
1110 4587 1145 4650 et
1160 4575 1288 4672 populo
1302 4575 1473 4670 Capuanis
1488 4575 1638 4650 directae

225 4707 264 4772 ut
282 4700 465 4776 intendant
482 4699 666 4793 cardinali,
690 4700 956 4796 archiepiscopis
971 4711 1005 4774 et
1023 4703 1195 4775 nobilibus
1214 4701 1300 4776 viris
1320 4723 1424 4797 supra
1443 4701 1639 4777 memoratis
