4378 5954
211 555 309 613 luurcr.
324 548 366 634 9.]
661 550 861 612 HISTORIA
885 549 1179 612 uluuouuulch.
1571 549 1629 610 119

211 689 390 760 veritatem
406 707 476 780 que
491 687 585 758 Deus
603 695 656 760 est
671 687 863 780 intelligere
880 698 914 762 et
932 709 1060 762 amare.
1078 685 1277 758 Gaudemus
1294 683 1481 780 plurimum
1498 693 1532 756 et
1549 683 1627 756 sin-

211 812 384 883 ceritatem
402 818 517 882 vestre
536 808 619 883 fidei
638 813 920 886 commendamus
935 812 1032 907 quod
1051 812 1131 884 licet
1149 808 1331 882 multifarie
1346 809 1530 902 multisque
1548 831 1627 882 mo-

212 935 268 1006 dis
282 934 447 1006 hactenus
459 934 579 1006 tentati
594 935 739 1023 fueritis,
751 937 859 1031 gratia
873 945 986 1010 tamen
1003 939 1077 1029 ejus
1091 935 1151 1030 qui
1169 957 1248 1006 cum
1265 934 1436 1007 nemiuem
1453 955 1474 1005 a
1490 932 1628 1006 miseri-

211 1056 328 1130 cordia
349 1079 413 1130 sua
434 1059 594 1154 repellat,
614 1059 877 1132 misericorditer
890 1070 943 1133 est
958 1069 1120 1155 operatus
1143 1059 1179 1130 iu
1207 1058 1309 1130 vobis
1328 1066 1366 1128 ut
1381 1057 1629 1130 tentationibus

211 1181 335 1254 vest-ris
348 1183 576 1255 succumbere
592 1205 660 1254 non
675 1184 833 1279 possetis,
853 1185 898 1256 ab
914 1205 955 1256 ea
979 1205 1083 1278 quam
1109 1204 1191 1276 erga
1212 1181 1427 1254 carissimum
1444 1181 1478 1252 in
1497 1181 1629 1254 Christo

212 1305 322 1378 filium
337 1317 491 1380 nostrum
508 1308 545 1380 F.
561 1309 676 1382 Sicilie
691 1331 808 1403 regem
828 1309 994 1380 illustrem
1010 1307 1188 1380 dominum
1205 1315 1359 1378 vostrum
1373 1305 1520 1392 habetis,
1535 1305 1629 1378 fide-

212 1432 315 1504 litatis
334 1433 524 1504 constantie
549 1433 691 1506 minime
717 1434 915 1507 recessistis.
940 1432 1110 1519 Quoniam
1134 1431 1240 1525 igitur
1263 1451 1370 1525 prope
1395 1441 1445 1502 est
1472 1441 1510 1501 ut
1534 1429 1628 1503 idem

211 1579 276 1628 rex
291 1557 351 1652 qui
366 1579 427 1652 per
445 1558 590 1649 gratiam
606 1559 668 1631 Dei
691 1559 736 1634 de
757 1557 817 1632 die
839 1560 875 1630 in
893 1558 985 1631 diem
1009 1555 1191 1652 prudentia
1211 1553 1345 1648 prolicit
1362 1563 1396 1626 et
1413 1564 1519 1645 etate,
1541 1577 1630 1649 pene

208 1682 280 1773 jam
301 1683 390 1754 sessa
406 1684 664 1777 expectantium
681 1706 801 1779 pacem
827 1683 902 1776 ejus
928 1681 1100 1756 desideria
1117 1689 1340 1773 recognoscat
1362 1680 1543 1774 sciensque
1569 1702 1630 1752 re-

212 1803 358 1898 probare
369 1806 498 1878 malum
515 1815 550 1878 el
567 1807 693 1902 eligere
707 1808 851 1900 bonnm,
864 1807 1053 1902 uuicuique
1070 1806 1177 1902 possit
1192 1825 1254 1900 pro
1267 1803 1395 1876 meritis
1407 1803 1627 1898 respondere,

213 1929 472 2004 universitatem
487 1941 636 2005 vestram
653 1955 834 2006 monemus
848 1942 975 2006 attente
988 1942 1023 2004 et
1038 1931 1215 2003 hortamur
1229 1937 1402 2023 quatenus
1415 1928 1629 2001 attendentes

211 2053 306 2147 quod
322 2055 453 2127 bonum
470 2056 644 2130 incassum
661 2059 775 2150 agitur
788 2059 818 2130 si
836 2068 916 2129 ante
935 2056 1117 2128 terminum
1135 2053 1325 2144 deseratur,
1341 2061 1375 2124 et
1388 2054 1512 2126 frustra
1528 2053 1628 2125 velo-

211 2175 295 2250 citer
310 2179 367 2250 ille
381 2181 488 2251 currit
505 2181 566 2274 qui
586 2182 789 2276 priusquam
813 2191 940 2254 metam
963 2181 1107 2274 attingat
1125 2175 1258 2269 delicit,
1283 2177 1319 2248 iu
1343 2175 1491 2272 puritate
1513 2187 1626 2250 vestre

212 2300 293 2374 fidei
312 2303 423 2375 taliter
439 2304 628 2399 persistatis
643 2306 738 2400 quod
759 2306 937 2399 augustias
953 2314 988 2378 et
1008 2305 1144 2376 labores
1164 2324 1251 2397 quos
1271 2301 1438 2374 hacteuus
1453 2325 1514 2397 pro
1532 2301 1626 2374 fide-

211 2427 304 2498 litate
320 2428 415 2521 regia
429 2429 630 2524 pertulistis,
640 2431 786 2503 Domino
802 2432 1029 2526 permittente,
1041 2428 1178 2525 possitis
1191 2427 1356 2500 laudabili
1371 2429 1625 2522 perseverantia

210 2569 388 2642 coronare,
400 2571 441 2624 ao
455 2552 631 2648 predictus
649 2571 713 2626 rex
727 2553 789 2648 qui
806 2575 949 2626 suorum
961 2553 1116 2626 fidelium
1130 2551 1165 2622 in
1184 2550 1344 2646 proximo
1361 2559 1481 2644 potens
1499 2552 1564 2623 erit
1578 2551 1625 2624 ad

211 2674 392 2748 consilium
416 2686 571 2749 nostrum
590 2677 698 2771 digne
726 2699 946 2750 remunerare
971 2677 1126 2764 labores,
1153 2685 1248 2746 tauto
1274 2675 1489 2746 retributioni
1513 2686 1627 2749 vestre

212 2796 386 2871 fidelitatis
398 2800 555 2873 intendat
570 2810 701 2895 quanto
715 2801 781 2873 sibi
796 2799 923 2874 viderit
940 2821 1017 2872 eam
1036 2800 1187 2871 bonitate
1202 2811 1316 2872 vestra
1328 2809 1513 2893 nostraque
1531 2801 1625 2873 solli-

210 2921 366 2994 citudine
385 2933 641 3016 conservatam,
660 2925 722 3020 qui
738 2935 807 2997 tem
825 2945 888 3019 per
906 2944 1091 3018 nosquam
1109 2943 1171 3018 per
1189 2922 1303 3018 ipsum
1323 2921 1498 2996 devotioni
1512 2935 1624 2998 vestre

210 3067 364 3140 congrua
381 3049 590 3144 premiorum
611 3051 824 3124 intendimus
842 3048 1083 3123 vicissitudine
1100 3047 1308 3144 respondere
1326 3045 1341 3142 (
1366 3046 1391 3142 ).

259 3173 385 3244 Datum
407 3174 596 3267 Ferentini,
618 3178 645 3265 [.
671 3229 679 3247 .
702 3229 711 3248 .
735 3174 950 3271 septembris,
969 3171 1188 3270 pontificatus
1201 3172 1307 3244 nostri
1324 3193 1415 3246 auno
1432 3193 1522 3246 nono
1537 3173 1622 3272 (2).]

209 3537 329 3590 castrum
347 3533 555 3592 munitissimum
574 3534 654 3592 hodie
677 3535 809 3606 dirutum,
822 3551 920 3594 versus
932 3535 1071 3594 meridiem
1084 3533 1201 3604 insulae,
1213 3533 1261 3590 ubi
1274 3532 1333 3590 huit
1350 3534 1437 3592 amnis
1451 3536 1577 3596 Plutauis.
1589 3569 1626 3584 -

208 3630 274 3701 laci,
288 3631 388 3688 rectius
401 3631 452 3688 Jati
468 3633 581 3706 (dioto),
594 3633 650 3690 vid.
663 3649 745 3707 supra
759 3649 785 3706 p.
795 3637 856 3706 101,
873 3640 928 3693 not.
943 3638 1005 3692 1.-
1014 3633 1091 3704 Celsi,
1105 3631 1277 3706 Rapalieelrr',
1288 3632 1421 3706 quondam
1435 3635 1506 3708 apud
1520 3637 1627 3696 Arabes

210 3729 396 3802 Ropolpyeue,
411 3730 487 3787 locus
505 3731 538 3788 ad
559 3731 722 3789 territorium
739 3732 791 3788 lati
809 3733 957 3808 pertinens.
969 3731 1034 3790 Vide
1047 3731 1166 3788 tabulam
1180 3747 1222 3803 ap.
1239 3730 1373 3800 Grunrcs,
1390 3731 1521 3805 Append,
1536 3751 1564 3807 p.
1581 3740 1625 3794 t8.

208 3827 248 3883 lto
261 3827 322 3882 lato
333 3833 360 3882 et
372 3827 485 3898 Entella,
500 3828 537 3886 cl.
549 3828 659 3903 insuper
671 3831 834 3901 Fsznmurr,
847 3832 937 3888 Prr'or.
953 3829 1055 3902 decad,
1070 3830 1116 3888 lib.
1131 3829 1173 3900 X,
1186 3845 1215 3903 p.
1230 3829 1277 3886 trt
1294 3835 1323 3886 et
1336 3831 1398 3886 172.

245 3922 281 3996 (1)
301 3923 397 3979 Parnm
408 3939 472 3981 vero
485 3925 630 3998 proiecisse
641 3927 748 3983 videtur
760 3927 863 4002 pupalis
873 3927 1033 3998 exhortatio,
1044 3928 1107 3983 dum
1121 3926 1200 4002 paulo
1214 3933 1277 3999 post
1290 3926 1324 3983 11
1337 3927 1495 3984 seditionem
1508 3938 1627 4004 apertum

209 4021 349 4080 &meconi
362 4025 553 4080 concurrerint.
569 4044 583 4078 r
597 4025 663 4082 cnm
677 4025 755 4098 longa
773 4025 849 4082 lieret
866 4025 1028 4084 concertatio
1046 4025 1115 4082 inter
1130 4025 1312 4100 ssppuronem
1332 4031 1360 4082 et
1380 4024 1498 4084 lautores
1519 4029 1577 4100 ejus
1594 4045 1627 4086 ex

208 4124 287 4194 parte
298 4135 351 4176 una
362 4125 390 4176 et
399 4120 585 4178 cancellarium
599 4127 626 4178 et
638 4121 755 4182 lautores
768 4123 828 4196 ejus
839 4139 872 4180 ex
883 4123 976 4194 altera,
988 4123 1114 4180 Saraeerd
1127 4123 1231 4182 Siciliae
1242 4123 1288 4196 qni
1307 4130 1463 4196 receperant
1471 4140 1500 4180 se
1513 4125 1539 4180 in
1552 4141 1627 4182 mon·

208 4214 292 4285 tibus,
301 4215 353 4272 hoe
362 4216 494 4288 videntes,
503 4233 557 4274 non
570 4217 657 4274 solum
667 4234 698 4276 se
711 4219 746 4275 ab
760 4219 890 4292 obsequio
904 4220 975 4294 regis
987 4219 1095 4294 penitus
1106 4221 1303 4290 subtraxerunt,
1314 4220 1497 4276 verumetiam
1510 4221 1555 4276 alii
1567 4222 1627 4278 des-

209 4311 365 4386 cendentes,
374 4315 535 4374 christianos
545 4315 742 4374 multiformiter
753 4317 960 4391 impugnabant;
974 4319 1010 4374 ite
1021 4317 1093 4393 quod
1105 4324 1221 4374 castrum
1234 4317 1372 4377 corilionis
1386 4323 1523 4391 oeperunt,
1536 4319 1628 4391 pejora

209 4407 301 4466 tacere
313 4411 510 4470 meditantes.»
525 4414 597 4472 (lert.
611 4415 707 4470 Ianos.
721 4415 769 4471 111
777 4457 784 4485 ,
798 4429 858 4489 cap.
872 4416 935 4488 XL,
950 4415 1021 4473 circa
1035 4431 1097 4473 aun.
1114 4419 1182 4474 1108
1194 4416 1340 4472 ineuntem.

247 4507 284 4580 (2)
305 4509 386 4567 Deest
397 4512 499 4570 notatio
511 4513 625 4584 mensis,
642 4513 690 4572 sed
703 4513 779 4570 laclle
796 4529 829 4570 ex
849 4513 946 4571 litteris
962 4513 1183 4588 praecedentibus
1198 4513 1347 4588 suppletur.
1361 4512 1428 4568 Nam
1444 4511 1557 4584 epistola
1571 4513 1628 4572 Fri·

208 4605 300 4664 derico
312 4607 412 4684 scripta
425 4609 488 4667 data
501 4617 543 4668 est
554 4611 701 4684 Ferentini,
714 4611 739 4670 ll
753 4611 813 4668 idus
827 4611 989 4687 septembris
1001 4612 1044 4685 (11
1058 4612 1214 4686 septemb),
1226 4627 1259 4667 ex
1272 4610 1359 4667 indice
1372 4609 1446 4668 MSS.
1459 4610 1487 4666 in
1501 4611 1625 4671 biblioth.

209 4703 364 4762 Parisiensi.
