<?xml version="1.0" encoding="UTF-8"?>
<!DOCTYPE html PUBLIC "-//W3C//DTD XHTML 1.0 Transitional//EN"
    "http://www.w3.org/TR/xhtml1/DTD/xhtml1-transitional.dtd">
<html xmlns="http://www.w3.org/1999/xhtml" xml:lang="en" lang="en">
 <head>
  <title>
</title>
<meta http-equiv="Content-Type" content="text/html;charset=utf-8" />
  <meta name='ocr-system' content='tesseract 3.04.00' />
  <meta name='ocr-capabilities' content='ocr_page ocr_carea ocr_par ocr_line ocrx_word'/>
</head>
<body>
  <div class='ocr_page' id='page_1' title='image "./historiadiploma06fredgoog_0090.png"; bbox 0 0 4434 5942; ppageno 0'>
   <div class='ocr_carea' id='block_1_1' title="bbox 244 550 1670 4525">
    <p class='ocr_par' dir='ltr' id='par_1_1' title="bbox 244 550 1670 4525">
     <span class='ocr_line' id='line_1_1' title="bbox 244 550 1665 640; baseline -0.005 -19"><span class='ocrx_word' id='word_1_1' title='bbox 244 561 343 621; x_wconf 74' lang='lat' dir='ltr'>lentur.</span> <span class='ocrx_word' id='word_1_2' title='bbox 358 554 401 640; x_wconf 73' lang='lat' dir='ltr'>h]</span> <span class='ocrx_word' id='word_1_3' title='bbox 697 551 899 614; x_wconf 82' lang='lat' dir='ltr'>ttrsroullt</span> <span class='ocrx_word' id='word_1_4' title='bbox 922 550 1217 612; x_wconf 71' lang='lat' dir='ltr'>ulphonarlclt.</span> <span class='ocrx_word' id='word_1_5' title='bbox 1629 555 1665 614; x_wconf 87' lang='lat' dir='ltr'>&#39;ll</span> 
     </span>
     <span class='ocr_line' id='line_1_2' title="bbox 244 685 1665 788; baseline -0.002 -21"><span class='ocrx_word' id='word_1_6' title='bbox 244 695 376 768; x_wconf 74' lang='lat' dir='ltr'><strong>litteras</strong></span> <span class='ocrx_word' id='word_1_7' title='bbox 401 711 508 788; x_wconf 90' lang='lat' dir='ltr'>super</span> <span class='ocrx_word' id='word_1_8' title='bbox 535 689 647 785; x_wconf 90' lang='lat' dir='ltr'>ipsius</span> <span class='ocrx_word' id='word_1_9' title='bbox 677 690 846 764; x_wconf 89' lang='lat' dir='ltr'>electione</span> <span class='ocrx_word' id='word_1_10' title='bbox 875 689 1027 780; x_wconf 82' lang='lat' dir='ltr'>remisit3</span> <span class='ocrx_word' id='word_1_11' title='bbox 1049 689 1111 782; x_wconf 93' lang='lat' dir='ltr'>qui</span> <span class='ocrx_word' id='word_1_12' title='bbox 1137 685 1356 784; x_wconf 91' lang='lat' dir='ltr'>postmodum</span> <span class='ocrx_word' id='word_1_13' title='bbox 1382 708 1530 784; x_wconf 89' lang='lat' dir='ltr'>puerum</span> <span class='ocrx_word' id='word_1_14' title='bbox 1548 688 1665 784; x_wconf 91' lang='lat' dir='ltr'>ipsum</span> 
     </span>
     <span class='ocr_line' id='line_1_3' title="bbox 244 811 1665 915; baseline -0.003 -24"><span class='ocrx_word' id='word_1_15' title='bbox 244 829 342 915; x_wconf 84' lang='lat' dir='ltr'>patre</span> <span class='ocrx_word' id='word_1_16' title='bbox 359 817 503 890; x_wconf 79' lang='lat' dir='ltr'>ahsente</span> <span class='ocrx_word' id='word_1_17' title='bbox 520 823 644 910; x_wconf 90' lang='lat' dir='ltr'>sponte</span> <span class='ocrx_word' id='word_1_18' title='bbox 657 835 699 888; x_wconf 91' lang='lat' dir='ltr'>ac</span> <span class='ocrx_word' id='word_1_19' title='bbox 712 814 927 890; x_wconf 88' lang='lat' dir='ltr'>concorditer</span> <span class='ocrx_word' id='word_1_20' title='bbox 945 816 1135 908; x_wconf 87' lang='lat' dir='ltr'>elegerunt,</span> <span class='ocrx_word' id='word_1_21' title='bbox 1156 811 1357 886; x_wconf 87' lang='lat' dir='ltr'>fidelitatem</span> <span class='ocrx_word' id='word_1_22' title='bbox 1371 813 1404 886; x_wconf 92' lang='lat' dir='ltr'>oi</span> <span class='ocrx_word' id='word_1_23' title='bbox 1420 835 1509 909; x_wconf 92' lang='lat' dir='ltr'>pene</span> <span class='ocrx_word' id='word_1_24' title='bbox 1526 816 1665 910; x_wconf 91' lang='lat' dir='ltr'>penitus</span> 
     </span>
     <span class='ocr_line' id='line_1_4' title="bbox 245 937 1666 1036; baseline -0.001 -21"><span class='ocrx_word' id='word_1_25' title='bbox 245 962 366 1016; x_wconf 88' lang='lat' dir='ltr'>omues</span> <span class='ocrx_word' id='word_1_26' title='bbox 384 949 420 1013; x_wconf 91' lang='lat' dir='ltr'>et</span> <span class='ocrx_word' id='word_1_27' title='bbox 439 939 585 1036; x_wconf 88' lang='lat' dir='ltr'>quidam</span> <span class='ocrx_word' id='word_1_28' title='bbox 603 939 797 1013; x_wconf 91' lang='lat' dir='ltr'>hominium</span> <span class='ocrx_word' id='word_1_29' title='bbox 819 939 1038 1012; x_wconf 75' lang='lat' dir='ltr'>exhibentes.</span> <span class='ocrx_word' id='word_1_30' title='bbox 1060 937 1161 1012; x_wconf 90' lang='lat' dir='ltr'>Unde</span> <span class='ocrx_word' id='word_1_31' title='bbox 1178 959 1248 1013; x_wconf 91' lang='lat' dir='ltr'>nou</span> <span class='ocrx_word' id='word_1_32' title='bbox 1269 937 1410 1013; x_wconf 86' lang='lat' dir='ltr'>videtur</span> <span class='ocrx_word' id='word_1_33' title='bbox 1426 939 1530 1014; x_wconf 87' lang='lat' dir='ltr'>licere</span> <span class='ocrx_word' id='word_1_34' title='bbox 1547 947 1666 1014; x_wconf 88' lang='lat' dir='ltr'>contra</span> 
     </span>
     <span class='ocr_line' id='line_1_5' title="bbox 245 1063 1666 1160; baseline 0 -22"><span class='ocrx_word' id='word_1_35' title='bbox 245 1067 338 1138; x_wconf 89' lang='lat' dir='ltr'>licitu</span> <span class='ocrx_word' id='word_1_36' title='bbox 349 1067 545 1158; x_wconf 85' lang='lat' dir='ltr'>juramenta</span> <span class='ocrx_word' id='word_1_37' title='bbox 560 1063 696 1136; x_wconf 83' lang='lat' dir='ltr'>venire.</span> <span class='ocrx_word' id='word_1_38' title='bbox 714 1063 861 1138; x_wconf 82' lang='lat' dir='ltr'>Videtur</span> <span class='ocrx_word' id='word_1_39' title='bbox 877 1063 979 1138; x_wconf 88' lang='lat' dir='ltr'>stium</span> <span class='ocrx_word' id='word_1_40' title='bbox 999 1083 1068 1136; x_wconf 92' lang='lat' dir='ltr'>uon</span> <span class='ocrx_word' id='word_1_41' title='bbox 1082 1063 1206 1136; x_wconf 88' lang='lat' dir='ltr'>docere</span> <span class='ocrx_word' id='word_1_42' title='bbox 1221 1071 1261 1134; x_wconf 93' lang='lat' dir='ltr'>ut</span> <span class='ocrx_word' id='word_1_43' title='bbox 1277 1084 1356 1134; x_wconf 90' lang='lat' dir='ltr'>cum</span> <span class='ocrx_word' id='word_1_44' title='bbox 1377 1063 1452 1160; x_wconf 91' lang='lat' dir='ltr'>ipse</span> <span class='ocrx_word' id='word_1_45' title='bbox 1469 1063 1666 1160; x_wconf 85' lang='lat' dir='ltr'>Apostolice</span> 
     </span>
     <span class='ocr_line' id='line_1_6' title="bbox 246 1187 1666 1286; baseline -0.001 -22"><span class='ocrx_word' id='word_1_46' title='bbox 246 1189 348 1264; x_wconf 89' lang='lat' dir='ltr'>Sedis</span> <span class='ocrx_word' id='word_1_47' title='bbox 364 1190 410 1264; x_wconf 90' lang='lat' dir='ltr'>sit</span> <span class='ocrx_word' id='word_1_48' title='bbox 428 1187 534 1262; x_wconf 89' lang='lat' dir='ltr'>tutele</span> <span class='ocrx_word' id='word_1_49' title='bbox 550 1189 756 1262; x_wconf 86' lang='lat' dir='ltr'>commissus</span> <span class='ocrx_word' id='word_1_50' title='bbox 768 1198 806 1262; x_wconf 93' lang='lat' dir='ltr'>et</span> <span class='ocrx_word' id='word_1_51' title='bbox 817 1189 886 1262; x_wconf 92' lang='lat' dir='ltr'>sub</span> <span class='ocrx_word' id='word_1_52' title='bbox 901 1191 977 1281; x_wconf 90' lang='lat' dir='ltr'>ejus</span> <span class='ocrx_word' id='word_1_53' title='bbox 995 1187 1205 1282; x_wconf 89' lang='lat' dir='ltr'>protectione</span> <span class='ocrx_word' id='word_1_54' title='bbox 1221 1195 1392 1280; x_wconf 87' lang='lat' dir='ltr'>receptus,</span> <span class='ocrx_word' id='word_1_55' title='bbox 1413 1209 1476 1284; x_wconf 93' lang='lat' dir='ltr'>per</span> <span class='ocrx_word' id='word_1_56' title='bbox 1491 1210 1569 1262; x_wconf 89' lang='lat' dir='ltr'>eam</span> <span class='ocrx_word' id='word_1_57' title='bbox 1586 1190 1666 1286; x_wconf 92' lang='lat' dir='ltr'>pri-</span> 
     </span>
     <span class='ocr_line' id='line_1_7' title="bbox 247 1310 1666 1409; baseline -0.002 -21"><span class='ocrx_word' id='word_1_58' title='bbox 247 1324 350 1388; x_wconf 86' lang='lat' dir='ltr'>vetur</span> <span class='ocrx_word' id='word_1_59' title='bbox 365 1313 510 1409; x_wconf 88' lang='lat' dir='ltr'>imperio</span> <span class='ocrx_word' id='word_1_60' title='bbox 525 1333 708 1408; x_wconf 88' lang='lat' dir='ltr'>perquam</span> <span class='ocrx_word' id='word_1_61' title='bbox 725 1313 762 1384; x_wconf 94' lang='lat' dir='ltr'>in</span> <span class='ocrx_word' id='word_1_62' title='bbox 776 1313 855 1404; x_wconf 88' lang='lat' dir='ltr'>jure</span> <span class='ocrx_word' id='word_1_63' title='bbox 873 1333 937 1386; x_wconf 90' lang='lat' dir='ltr'>suo</span> <span class='ocrx_word' id='word_1_64' title='bbox 954 1313 1066 1386; x_wconf 87' lang='lat' dir='ltr'>luerat</span> <span class='ocrx_word' id='word_1_65' title='bbox 1081 1310 1339 1402; x_wconf 76' lang='lat' dir='ltr'>confovendus3</span> <span class='ocrx_word' id='word_1_66' title='bbox 1355 1311 1507 1384; x_wconf 80' lang='lat' dir='ltr'>maxime</span> <span class='ocrx_word' id='word_1_67' title='bbox 1524 1313 1666 1386; x_wconf 89' lang='lat' dir='ltr'>comsit</span> 
     </span>
     <span class='ocr_line' id='line_1_8' title="bbox 248 1436 1666 1536; baseline -0.001 -24"><span class='ocrx_word' id='word_1_68' title='bbox 248 1440 415 1536; x_wconf 90' lang='lat' dir='ltr'>scriptum</span> <span class='ocrx_word' id='word_1_69' title='bbox 431 1463 440 1508; x_wconf 74' lang='grc' dir='ltr'>ε</span> <span class='ocrx_word' id='word_1_70' title='bbox 457 1439 592 1536; x_wconf 91' lang='lat' dir='ltr'>Pupillo</span> <span class='ocrx_word' id='word_1_71' title='bbox 605 1447 644 1510; x_wconf 89' lang='lat' dir='ltr'>tu</span> <span class='ocrx_word' id='word_1_72' title='bbox 659 1437 728 1510; x_wconf 92' lang='lat' dir='ltr'>eris</span> <span class='ocrx_word' id='word_1_73' title='bbox 740 1436 891 1530; x_wconf 88' lang='lat' dir='ltr'>adjutor.</span> <span class='ocrx_word' id='word_1_74' title='bbox 900 1436 1002 1524; x_wconf 86' lang='lat' dir='ltr'>Quod</span> <span class='ocrx_word' id='word_1_75' title='bbox 1015 1457 1085 1510; x_wconf 92' lang='lat' dir='ltr'>nou</span> <span class='ocrx_word' id='word_1_76' title='bbox 1098 1436 1263 1532; x_wconf 87' lang='lat' dir='ltr'>expediat</span> <span class='ocrx_word' id='word_1_77' title='bbox 1278 1445 1396 1510; x_wconf 92' lang='lat' dir='ltr'>contra</span> <span class='ocrx_word' id='word_1_78' title='bbox 1412 1436 1528 1533; x_wconf 92' lang='lat' dir='ltr'>ipsum</span> <span class='ocrx_word' id='word_1_79' title='bbox 1545 1439 1666 1511; x_wconf 88' lang='lat' dir='ltr'>venire</span> 
     </span>
     <span class='ocr_line' id='line_1_9' title="bbox 247 1560 1665 1659; baseline 0.001 -25"><span class='ocrx_word' id='word_1_80' title='bbox 247 1563 307 1636; x_wconf 88' lang='lat' dir='ltr'>illa</span> <span class='ocrx_word' id='word_1_81' title='bbox 324 1563 506 1659; x_wconf 76' lang='lat' dir='ltr'>presertim</span> <span class='ocrx_word' id='word_1_82' title='bbox 521 1563 655 1637; x_wconf 92' lang='lat' dir='ltr'>ratione</span> <span class='ocrx_word' id='word_1_83' title='bbox 671 1561 813 1636; x_wconf 85' lang='lat' dir='ltr'>videtur</span> <span class='ocrx_word' id='word_1_84' title='bbox 829 1561 939 1658; x_wconf 94' lang='lat' dir='ltr'>quod,</span> <span class='ocrx_word' id='word_1_85' title='bbox 957 1561 1144 1635; x_wconf 89' lang='lat' dir='ltr'>cumidem</span> <span class='ocrx_word' id='word_1_86' title='bbox 1159 1581 1247 1658; x_wconf 89' lang='lat' dir='ltr'>puer</span> <span class='ocrx_word' id='word_1_87' title='bbox 1261 1560 1308 1634; x_wconf 93' lang='lat' dir='ltr'>ad</span> <span class='ocrx_word' id='word_1_88' title='bbox 1324 1581 1434 1634; x_wconf 87' lang='lat' dir='ltr'>auuos</span> <span class='ocrx_word' id='word_1_89' title='bbox 1450 1561 1665 1636; x_wconf 80' lang='lat' dir='ltr'>discretionis</span> 
     </span>
     <span class='ocr_line' id='line_1_10' title="bbox 248 1685 1661 1783; baseline 0 -23"><span class='ocrx_word' id='word_1_90' title='bbox 248 1688 453 1783; x_wconf 80' lang='lat' dir='ltr'>perveniens</span> <span class='ocrx_word' id='word_1_91' title='bbox 462 1687 940 1783; x_wconf 84' lang='lat' dir='ltr'>intellexeritperllomauam</span> <span class='ocrx_word' id='word_1_92' title='bbox 951 1686 1138 1760; x_wconf 81' lang='lat' dir='ltr'>Ecclesiam</span> <span class='ocrx_word' id='word_1_93' title='bbox 1147 1685 1468 1781; x_wconf 85' lang='lat' dir='ltr'>imperiisehoncre</span> <span class='ocrx_word' id='word_1_94' title='bbox 1475 1686 1661 1782; x_wconf 84' lang='lat' dir='ltr'>privatum,</span> 
     </span>
     <span class='ocr_line' id='line_1_11' title="bbox 249 1809 1665 1907; baseline 0.001 -25"><span class='ocrx_word' id='word_1_95' title='bbox 249 1831 320 1884; x_wconf 93' lang='lat' dir='ltr'>nou</span> <span class='ocrx_word' id='word_1_96' title='bbox 343 1819 477 1886; x_wconf 87' lang='lat' dir='ltr'>tuntum</span> <span class='ocrx_word' id='word_1_97' title='bbox 500 1833 571 1884; x_wconf 95' lang='lat' dir='ltr'>uou</span> <span class='ocrx_word' id='word_1_98' title='bbox 590 1811 772 1884; x_wconf 80' lang='lat' dir='ltr'>exhibebit</span> <span class='ocrx_word' id='word_1_99' title='bbox 789 1811 822 1884; x_wconf 92' lang='lat' dir='ltr'>ei</span> <span class='ocrx_word' id='word_1_100' title='bbox 842 1811 1071 1884; x_wconf 89' lang='lat' dir='ltr'>reverentiam</span> <span class='ocrx_word' id='word_1_101' title='bbox 1091 1819 1309 1902; x_wconf 84' lang='lat' dir='ltr'>cousuetam,</span> <span class='ocrx_word' id='word_1_102' title='bbox 1333 1809 1397 1883; x_wconf 91' lang='lat' dir='ltr'>sed</span> <span class='ocrx_word' id='word_1_103' title='bbox 1416 1811 1527 1907; x_wconf 80' lang='lat' dir='ltr'>ipsam</span> <span class='ocrx_word' id='word_1_104' title='bbox 1550 1811 1665 1906; x_wconf 90' lang='lat' dir='ltr'>potius</span> 
     </span>
     <span class='ocr_line' id='line_1_12' title="bbox 248 1935 1665 2032; baseline 0.001 -24"><span class='ocrx_word' id='word_1_105' title='bbox 248 1935 363 2008; x_wconf 88' lang='lat' dir='ltr'>modis</span> <span class='ocrx_word' id='word_1_106' title='bbox 385 1936 515 2031; x_wconf 87' lang='lat' dir='ltr'>quibus</span> <span class='ocrx_word' id='word_1_107' title='bbox 536 1936 662 2032; x_wconf 89' lang='lat' dir='ltr'>poterit</span> <span class='ocrx_word' id='word_1_108' title='bbox 683 1936 902 2032; x_wconf 78' lang='lat' dir='ltr'>impugnabit</span> <span class='ocrx_word' id='word_1_109' title='bbox 920 1944 955 2008; x_wconf 88' lang='lat' dir='ltr'>et</span> <span class='ocrx_word' id='word_1_110' title='bbox 971 1957 1118 2031; x_wconf 92' lang='lat' dir='ltr'>reguum</span> <span class='ocrx_word' id='word_1_111' title='bbox 1136 1935 1251 2008; x_wconf 86' lang='lat' dir='ltr'>Sicilie</span> <span class='ocrx_word' id='word_1_112' title='bbox 1276 1935 1425 2008; x_wconf 78' lang='lat' dir='ltr'>retrahet</span> <span class='ocrx_word' id='word_1_113' title='bbox 1441 1957 1463 2008; x_wconf 92' lang='lat' dir='ltr'>a</span> <span class='ocrx_word' id='word_1_114' title='bbox 1481 1936 1665 2010; x_wconf 84' lang='lat' dir='ltr'>devotione</span> 
     </span>
     <span class='ocr_line' id='line_1_13' title="bbox 248 2057 1664 2154; baseline 0.005 -26"><span class='ocrx_word' id='word_1_115' title='bbox 248 2057 358 2153; x_wconf 88' lang='lat' dir='ltr'>ipsios</span> <span class='ocrx_word' id='word_1_116' title='bbox 380 2067 417 2131; x_wconf 90' lang='lat' dir='ltr'>et</span> <span class='ocrx_word' id='word_1_117' title='bbox 434 2059 575 2152; x_wconf 78' lang='lat' dir='ltr'>negabit</span> <span class='ocrx_word' id='word_1_118' title='bbox 597 2059 630 2131; x_wconf 90' lang='lat' dir='ltr'>ei</span> <span class='ocrx_word' id='word_1_119' title='bbox 655 2059 863 2154; x_wconf 87' lang='lat' dir='ltr'>obsequium</span> <span class='ocrx_word' id='word_1_120' title='bbox 885 2069 1101 2134; x_wconf 90' lang='lat' dir='ltr'>consuetum.</span> <span class='ocrx_word' id='word_1_121' title='bbox 1122 2060 1251 2132; x_wconf 88' lang='lat' dir='ltr'>Verum</span> <span class='ocrx_word' id='word_1_122' title='bbox 1276 2059 1482 2132; x_wconf 90' lang='lat' dir='ltr'>contrarium</span> <span class='ocrx_word' id='word_1_123' title='bbox 1504 2069 1664 2135; x_wconf 86' lang='lat' dir='ltr'>econtra</span> 
     </span>
     <span class='ocr_line' id='line_1_14' title="bbox 248 2178 1663 2280; baseline 0.006 -28"><span class='ocrx_word' id='word_1_124' title='bbox 248 2178 389 2252; x_wconf 87' lang='lat' dir='ltr'>videtur</span> <span class='ocrx_word' id='word_1_125' title='bbox 403 2181 499 2274; x_wconf 94' lang='lat' dir='ltr'>quod</span> <span class='ocrx_word' id='word_1_126' title='bbox 514 2181 617 2255; x_wconf 89' lang='lat' dir='ltr'>liceat</span> <span class='ocrx_word' id='word_1_127' title='bbox 633 2181 810 2274; x_wconf 85' lang='lat' dir='ltr'>videlicet,</span> <span class='ocrx_word' id='word_1_128' title='bbox 826 2181 949 2258; x_wconf 87' lang='lat' dir='ltr'>deceat</span> <span class='ocrx_word' id='word_1_129' title='bbox 963 2193 998 2256; x_wconf 91' lang='lat' dir='ltr'>et</span> <span class='ocrx_word' id='word_1_130' title='bbox 1012 2183 1177 2280; x_wconf 84' lang='lat' dir='ltr'>expediat</span> <span class='ocrx_word' id='word_1_131' title='bbox 1192 2183 1313 2256; x_wconf 90' lang='lat' dir='ltr'>venire</span> <span class='ocrx_word' id='word_1_132' title='bbox 1328 2193 1446 2258; x_wconf 75' lang='lat' dir='ltr'>rooba</span> <span class='ocrx_word' id='word_1_133' title='bbox 1461 2185 1663 2260; x_wconf 89' lang='lat' dir='ltr'>electionem</span> 
     </span>
     <span class='ocr_line' id='line_1_15' title="bbox 249 2303 1665 2403; baseline 0.006 -28"><span class='ocrx_word' id='word_1_134' title='bbox 249 2303 373 2400; x_wconf 88' lang='lat' dir='ltr'>ipsius.</span> <span class='ocrx_word' id='word_1_135' title='bbox 391 2304 495 2390; x_wconf 86' lang='lat' dir='ltr'>Quod</span> <span class='ocrx_word' id='word_1_136' title='bbox 512 2306 614 2380; x_wconf 89' lang='lat' dir='ltr'>liceat</span> <span class='ocrx_word' id='word_1_137' title='bbox 631 2305 773 2380; x_wconf 85' lang='lat' dir='ltr'>videtur</span> <span class='ocrx_word' id='word_1_138' title='bbox 791 2327 839 2380; x_wconf 85' lang='lat' dir='ltr'>ex</span> <span class='ocrx_word' id='word_1_139' title='bbox 859 2329 902 2380; x_wconf 91' lang='lat' dir='ltr'>eo</span> <span class='ocrx_word' id='word_1_140' title='bbox 924 2308 1019 2403; x_wconf 93' lang='lat' dir='ltr'>quod</span> <span class='ocrx_word' id='word_1_141' title='bbox 1036 2309 1233 2401; x_wconf 84' lang='lat' dir='ltr'>juramenta</span> <span class='ocrx_word' id='word_1_142' title='bbox 1249 2308 1307 2381; x_wconf 91' lang='lat' dir='ltr'>illa</span> <span class='ocrx_word' id='word_1_143' title='bbox 1321 2309 1462 2382; x_wconf 87' lang='lat' dir='ltr'>luerunt</span> <span class='ocrx_word' id='word_1_144' title='bbox 1486 2310 1604 2384; x_wconf 88' lang='lat' dir='ltr'>illicite</span> <span class='ocrx_word' id='word_1_145' title='bbox 1628 2320 1665 2384; x_wconf 92' lang='lat' dir='ltr'>et</span> 
     </span>
     <span class='ocr_line' id='line_1_16' title="bbox 249 2427 1664 2528; baseline 0.004 -26"><span class='ocrx_word' id='word_1_146' title='bbox 249 2427 370 2502; x_wconf 87' lang='lat' dir='ltr'>electio</span> <span class='ocrx_word' id='word_1_147' title='bbox 384 2428 586 2503; x_wconf 86' lang='lat' dir='ltr'>indiscreta.</span> <span class='ocrx_word' id='word_1_148' title='bbox 602 2431 791 2524; x_wconf 87' lang='lat' dir='ltr'>Elegerunt</span> <span class='ocrx_word' id='word_1_149' title='bbox 806 2433 900 2504; x_wconf 88' lang='lat' dir='ltr'>enirn</span> <span class='ocrx_word' id='word_1_150' title='bbox 919 2453 1102 2528; x_wconf 88' lang='lat' dir='ltr'>personam</span> <span class='ocrx_word' id='word_1_151' title='bbox 1119 2453 1190 2505; x_wconf 92' lang='lat' dir='ltr'>non</span> <span class='ocrx_word' id='word_1_152' title='bbox 1207 2433 1369 2506; x_wconf 91' lang='lat' dir='ltr'>idoneam</span> <span class='ocrx_word' id='word_1_153' title='bbox 1384 2455 1449 2507; x_wconf 91' lang='lat' dir='ltr'>nec</span> <span class='ocrx_word' id='word_1_154' title='bbox 1463 2455 1533 2508; x_wconf 95' lang='lat' dir='ltr'>uon</span> <span class='ocrx_word' id='word_1_155' title='bbox 1551 2435 1664 2508; x_wconf 92' lang='lat' dir='ltr'>solum</span> 
     </span>
     <span class='ocr_line' id='line_1_17' title="bbox 250 2551 1663 2653; baseline 0.005 -29"><span class='ocrx_word' id='word_1_156' title='bbox 250 2551 413 2648; x_wconf 89' lang='lat' dir='ltr'>imperio,</span> <span class='ocrx_word' id='word_1_157' title='bbox 424 2555 489 2629; x_wconf 91' lang='lat' dir='ltr'>sed</span> <span class='ocrx_word' id='word_1_158' title='bbox 502 2556 680 2630; x_wconf 90' lang='lat' dir='ltr'>uecalicui</span> <span class='ocrx_word' id='word_1_159' title='bbox 696 2556 811 2632; x_wconf 89' lang='lat' dir='ltr'>officio</span> <span class='ocrx_word' id='word_1_160' title='bbox 828 2566 1094 2650; x_wconf 65' lang='lat' dir='ltr'>congruentem,</span> <span class='ocrx_word' id='word_1_161' title='bbox 1109 2577 1257 2653; x_wconf 88' lang='lat' dir='ltr'>puerum</span> <span class='ocrx_word' id='word_1_162' title='bbox 1266 2557 1429 2631; x_wconf 87' lang='lat' dir='ltr'>videlieet</span> <span class='ocrx_word' id='word_1_163' title='bbox 1438 2557 1502 2631; x_wconf 85' lang='lat' dir='ltr'>vix</span> <span class='ocrx_word' id='word_1_164' title='bbox 1513 2560 1663 2633; x_wconf 91' lang='lat' dir='ltr'>duorum</span> 
     </span>
     <span class='ocr_line' id='line_1_18' title="bbox 249 2681 1665 2777; baseline 0.004 -27"><span class='ocrx_word' id='word_1_165' title='bbox 249 2699 419 2752; x_wconf 89' lang='lat' dir='ltr'>annorum</span> <span class='ocrx_word' id='word_1_166' title='bbox 433 2689 469 2752; x_wconf 90' lang='lat' dir='ltr'>et</span> <span class='ocrx_word' id='word_1_167' title='bbox 481 2681 639 2754; x_wconf 90' lang='lat' dir='ltr'>nondum</span> <span class='ocrx_word' id='word_1_168' title='bbox 655 2681 745 2754; x_wconf 90' lang='lat' dir='ltr'>sacri</span> <span class='ocrx_word' id='word_1_169' title='bbox 762 2681 980 2777; x_wconf 87' lang='lat' dir='ltr'>baptismatis</span> <span class='ocrx_word' id='word_1_170' title='bbox 994 2681 1090 2754; x_wconf 89' lang='lat' dir='ltr'>unda</span> <span class='ocrx_word' id='word_1_171' title='bbox 1104 2691 1274 2756; x_wconf 87' lang='lat' dir='ltr'>renatum.</span> <span class='ocrx_word' id='word_1_172' title='bbox 1291 2681 1390 2756; x_wconf 90' lang='lat' dir='ltr'>Unde</span> <span class='ocrx_word' id='word_1_173' title='bbox 1410 2704 1479 2757; x_wconf 94' lang='lat' dir='ltr'>uon</span> <span class='ocrx_word' id='word_1_174' title='bbox 1500 2683 1665 2757; x_wconf 85' lang='lat' dir='ltr'>videntur</span> 
     </span>
     <span class='ocr_line' id='line_1_19' title="bbox 249 2803 1665 2902; baseline 0.006 -28"><span class='ocrx_word' id='word_1_175' title='bbox 249 2810 320 2874; x_wconf 89' lang='lat' dir='ltr'>tum</span> <span class='ocrx_word' id='word_1_176' title='bbox 343 2803 462 2877; x_wconf 87' lang='lat' dir='ltr'>illicita</span> <span class='ocrx_word' id='word_1_177' title='bbox 480 2815 516 2878; x_wconf 92' lang='lat' dir='ltr'>et</span> <span class='ocrx_word' id='word_1_178' title='bbox 538 2805 725 2879; x_wconf 88' lang='lat' dir='ltr'>indiscreta</span> <span class='ocrx_word' id='word_1_179' title='bbox 747 2809 944 2900; x_wconf 86' lang='lat' dir='ltr'>juramenta</span> <span class='ocrx_word' id='word_1_180' title='bbox 966 2807 1152 2880; x_wconf 87' lang='lat' dir='ltr'>servanda.</span> <span class='ocrx_word' id='word_1_181' title='bbox 1177 2809 1248 2880; x_wconf 88' lang='lat' dir='ltr'>Neo</span> <span class='ocrx_word' id='word_1_182' title='bbox 1273 2809 1371 2880; x_wconf 91' lang='lat' dir='ltr'>obest</span> <span class='ocrx_word' id='word_1_183' title='bbox 1394 2808 1490 2902; x_wconf 94' lang='lat' dir='ltr'>quod</span> <span class='ocrx_word' id='word_1_184' title='bbox 1519 2809 1564 2882; x_wconf 89' lang='lat' dir='ltr'>de</span> <span class='ocrx_word' id='word_1_185' title='bbox 1590 2810 1665 2883; x_wconf 87' lang='lat' dir='ltr'>Ga-</span> 
     </span>
     <span class='ocr_line' id='line_1_20' title="bbox 249 2925 1664 3030; baseline 0.004 -30"><span class='ocrx_word' id='word_1_186' title='bbox 249 2925 401 3001; x_wconf 83' lang='lat' dir='ltr'>baonitis</span> <span class='ocrx_word' id='word_1_187' title='bbox 418 2931 593 3023; x_wconf 89' lang='lat' dir='ltr'>objicitur,</span> <span class='ocrx_word' id='word_1_188' title='bbox 614 2953 695 3005; x_wconf 91' lang='lat' dir='ltr'>oum</span> <span class='ocrx_word' id='word_1_189' title='bbox 708 2933 943 3024; x_wconf 87' lang='lat' dir='ltr'>jurameutum</span> <span class='ocrx_word' id='word_1_190' title='bbox 969 2932 1057 3005; x_wconf 95' lang='lat' dir='ltr'>illud</span> <span class='ocrx_word' id='word_1_191' title='bbox 1078 2932 1227 3029; x_wconf 88' lang='lat' dir='ltr'>potuerit</span> <span class='ocrx_word' id='word_1_192' title='bbox 1251 2931 1326 3006; x_wconf 89' lang='lat' dir='ltr'>siue</span> <span class='ocrx_word' id='word_1_193' title='bbox 1348 2933 1522 3006; x_wconf 81' lang='lat' dir='ltr'>israelitici</span> <span class='ocrx_word' id='word_1_194' title='bbox 1544 2933 1664 3030; x_wconf 91' lang='lat' dir='ltr'>populi</span> 
     </span>
     <span class='ocr_line' id='line_1_21' title="bbox 249 3050 1666 3150; baseline 0.006 -28"><span class='ocrx_word' id='word_1_195' title='bbox 249 3050 380 3126; x_wconf 90' lang='lat' dir='ltr'>lesione</span> <span class='ocrx_word' id='word_1_196' title='bbox 394 3054 546 3145; x_wconf 80' lang='lat' dir='ltr'>servari3</span> <span class='ocrx_word' id='word_1_197' title='bbox 567 3055 633 3128; x_wconf 89' lang='lat' dir='ltr'>hoc</span> <span class='ocrx_word' id='word_1_198' title='bbox 653 3063 770 3130; x_wconf 88' lang='lat' dir='ltr'>autem</span> <span class='ocrx_word' id='word_1_199' title='bbox 797 3055 929 3129; x_wconf 86' lang='lat' dir='ltr'>servari</span> <span class='ocrx_word' id='word_1_200' title='bbox 955 3065 1132 3150; x_wconf 90' lang='lat' dir='ltr'>nequeant</span> <span class='ocrx_word' id='word_1_201' title='bbox 1157 3056 1292 3150; x_wconf 78' lang='lat' dir='ltr'>absque</span> <span class='ocrx_word' id='word_1_202' title='bbox 1315 3056 1414 3149; x_wconf 90' lang='lat' dir='ltr'>gravi</span> <span class='ocrx_word' id='word_1_203' title='bbox 1433 3057 1568 3149; x_wconf 83' lang='lat' dir='ltr'>jactura</span> <span class='ocrx_word' id='word_1_204' title='bbox 1595 3079 1666 3131; x_wconf 91' lang='lat' dir='ltr'>nou</span> 
     </span>
     <span class='ocr_line' id='line_1_22' title="bbox 250 3176 1666 3275; baseline 0.007 -29"><span class='ocrx_word' id='word_1_205' title='bbox 250 3176 357 3250; x_wconf 90' lang='lat' dir='ltr'>unius</span> <span class='ocrx_word' id='word_1_206' title='bbox 373 3179 499 3272; x_wconf 88' lang='lat' dir='ltr'>gentis,</span> <span class='ocrx_word' id='word_1_207' title='bbox 516 3179 578 3254; x_wconf 92' lang='lat' dir='ltr'>sed</span> <span class='ocrx_word' id='word_1_208' title='bbox 597 3179 750 3253; x_wconf 84' lang='lat' dir='ltr'>Ecclesia</span> <span class='ocrx_word' id='word_1_209' title='bbox 768 3179 897 3252; x_wconf 85' lang='lat' dir='ltr'>dumrm</span> <span class='ocrx_word' id='word_1_210' title='bbox 911 3189 946 3252; x_wconf 89' lang='lat' dir='ltr'>et</span> <span class='ocrx_word' id='word_1_211' title='bbox 957 3179 1142 3275; x_wconf 92' lang='lat' dir='ltr'>dispendio</span> <span class='ocrx_word' id='word_1_212' title='bbox 1159 3179 1279 3275; x_wconf 92' lang='lat' dir='ltr'>populi</span> <span class='ocrx_word' id='word_1_213' title='bbox 1300 3178 1496 3253; x_wconf 88' lang='lat' dir='ltr'>Christiani.</span> <span class='ocrx_word' id='word_1_214' title='bbox 1514 3183 1586 3254; x_wconf 88' lang='lat' dir='ltr'>Nec</span> <span class='ocrx_word' id='word_1_215' title='bbox 1601 3182 1666 3256; x_wconf 91' lang='lat' dir='ltr'>ob·</span> 
     </span>
     <span class='ocr_line' id='line_1_23' title="bbox 249 3301 1668 3402; baseline 0.006 -31"><span class='ocrx_word' id='word_1_216' title='bbox 249 3307 317 3374; x_wconf 89' lang='lat' dir='ltr'>slat</span> <span class='ocrx_word' id='word_1_217' title='bbox 338 3301 436 3396; x_wconf 92' lang='lat' dir='ltr'>quod</span> <span class='ocrx_word' id='word_1_218' title='bbox 459 3304 647 3399; x_wconf 92' lang='lat' dir='ltr'>opponitur</span> <span class='ocrx_word' id='word_1_219' title='bbox 666 3305 866 3396; x_wconf 88' lang='lat' dir='ltr'>juramenta</span> <span class='ocrx_word' id='word_1_220' title='bbox 886 3303 945 3376; x_wconf 89' lang='lat' dir='ltr'>illa</span> <span class='ocrx_word' id='word_1_221' title='bbox 968 3304 1062 3377; x_wconf 89' lang='lat' dir='ltr'>licita</span> <span class='ocrx_word' id='word_1_222' title='bbox 1081 3303 1274 3377; x_wconf 89' lang='lat' dir='ltr'>secundum</span> <span class='ocrx_word' id='word_1_223' title='bbox 1297 3305 1522 3380; x_wconf 91' lang='lat' dir='ltr'>intentionem</span> <span class='ocrx_word' id='word_1_224' title='bbox 1541 3311 1668 3402; x_wconf 89' lang='lat' dir='ltr'>juran-</span> 
     </span>
     <span class='ocr_line' id='line_1_24' title="bbox 249 3425 1667 3528; baseline 0.006 -30"><span class='ocrx_word' id='word_1_225' title='bbox 249 3425 337 3498; x_wconf 91' lang='lat' dir='ltr'>tium</span> <span class='ocrx_word' id='word_1_226' title='bbox 360 3428 529 3504; x_wconf 87' lang='lat' dir='ltr'>extitisse.</span> <span class='ocrx_word' id='word_1_227' title='bbox 556 3431 798 3523; x_wconf 79' lang='lat' dir='ltr'>intelligebant</span> <span class='ocrx_word' id='word_1_228' title='bbox 826 3428 919 3501; x_wconf 89' lang='lat' dir='ltr'>euim</span> <span class='ocrx_word' id='word_1_229' title='bbox 945 3429 1042 3522; x_wconf 92' lang='lat' dir='ltr'>quod</span> <span class='ocrx_word' id='word_1_230' title='bbox 1065 3429 1131 3500; x_wconf 88' lang='lat' dir='ltr'>etsi</span> <span class='ocrx_word' id='word_1_231' title='bbox 1153 3447 1234 3500; x_wconf 93' lang='lat' dir='ltr'>eum</span> <span class='ocrx_word' id='word_1_232' title='bbox 1254 3438 1337 3502; x_wconf 90' lang='lat' dir='ltr'>tunc</span> <span class='ocrx_word' id='word_1_233' title='bbox 1365 3431 1402 3502; x_wconf 94' lang='lat' dir='ltr'>iu</span> <span class='ocrx_word' id='word_1_234' title='bbox 1427 3431 1667 3528; x_wconf 88' lang='lat' dir='ltr'>imperatorem</span> 
     </span>
     <span class='ocr_line' id='line_1_25' title="bbox 250 3551 1667 3654; baseline 0.004 -30"><span class='ocrx_word' id='word_1_235' title='bbox 250 3551 433 3646; x_wconf 87' lang='lat' dir='ltr'>eligerent,</span> <span class='ocrx_word' id='word_1_236' title='bbox 450 3575 520 3628; x_wconf 92' lang='lat' dir='ltr'>uon</span> <span class='ocrx_word' id='word_1_237' title='bbox 538 3564 653 3628; x_wconf 86' lang='lat' dir='ltr'>tamen</span> <span class='ocrx_word' id='word_1_238' title='bbox 671 3565 712 3626; x_wconf 94' lang='lat' dir='ltr'>ut</span> <span class='ocrx_word' id='word_1_239' title='bbox 725 3553 1018 3650; x_wconf 87' lang='lat' dir='ltr'>toncimperaret,</span> <span class='ocrx_word' id='word_1_240' title='bbox 1039 3553 1102 3625; x_wconf 90' lang='lat' dir='ltr'>sed</span> <span class='ocrx_word' id='word_1_241' title='bbox 1121 3563 1303 3648; x_wconf 87' lang='lat' dir='ltr'>postquam</span> <span class='ocrx_word' id='word_1_242' title='bbox 1319 3555 1366 3628; x_wconf 90' lang='lat' dir='ltr'>ad</span> <span class='ocrx_word' id='word_1_243' title='bbox 1381 3557 1570 3650; x_wconf 89' lang='lat' dir='ltr'>legitimam</span> <span class='ocrx_word' id='word_1_244' title='bbox 1586 3581 1667 3654; x_wconf 87' lang='lat' dir='ltr'>per·</span> 
     </span>
     <span class='ocr_line' id='line_1_26' title="bbox 253 3675 1669 3774; baseline 0.007 -28"><span class='ocrx_word' id='word_1_245' title='bbox 253 3675 388 3750; x_wconf 84' lang='lat' dir='ltr'>veniret</span> <span class='ocrx_word' id='word_1_246' title='bbox 401 3685 539 3752; x_wconf 82' lang='lat' dir='ltr'>etatem</span> <span class='ocrx_word' id='word_1_247' title='bbox 558 3680 628 3754; x_wconf 85' lang='lat' dir='ltr'>Sed</span> <span class='ocrx_word' id='word_1_248' title='bbox 641 3679 789 3774; x_wconf 89' lang='lat' dir='ltr'>qualiter</span> <span class='ocrx_word' id='word_1_249' title='bbox 805 3677 851 3752; x_wconf 92' lang='lat' dir='ltr'>de</span> <span class='ocrx_word' id='word_1_250' title='bbox 865 3678 977 3774; x_wconf 91' lang='lat' dir='ltr'>ipsius</span> <span class='ocrx_word' id='word_1_251' title='bbox 992 3677 1178 3751; x_wconf 86' lang='lat' dir='ltr'>idoneitate</span> <span class='ocrx_word' id='word_1_252' title='bbox 1193 3685 1350 3774; x_wconf 86' lang='lat' dir='ltr'>poteraut</span> <span class='ocrx_word' id='word_1_253' title='bbox 1359 3681 1529 3773; x_wconf 86' lang='lat' dir='ltr'>judicare.</span> <span class='ocrx_word' id='word_1_254' title='bbox 1548 3683 1669 3756; x_wconf 90' lang='lat' dir='ltr'>Nonne</span> 
     </span>
     <span class='ocr_line' id='line_1_27' title="bbox 250 3799 1668 3901; baseline 0.007 -30"><span class='ocrx_word' id='word_1_255' title='bbox 250 3799 420 3894; x_wconf 88' lang='lat' dir='ltr'>potuisset</span> <span class='ocrx_word' id='word_1_256' title='bbox 441 3823 517 3876; x_wconf 88' lang='lat' dir='ltr'>esse</span> <span class='ocrx_word' id='word_1_257' title='bbox 539 3805 665 3876; x_wconf 92' lang='lat' dir='ltr'>stultos</span> <span class='ocrx_word' id='word_1_258' title='bbox 686 3805 745 3878; x_wconf 89' lang='lat' dir='ltr'>vel</span> <span class='ocrx_word' id='word_1_259' title='bbox 766 3825 879 3899; x_wconf 91' lang='lat' dir='ltr'>usque</span> <span class='ocrx_word' id='word_1_260' title='bbox 903 3803 992 3878; x_wconf 88' lang='lat' dir='ltr'>adeo</span> <span class='ocrx_word' id='word_1_261' title='bbox 1013 3803 1232 3900; x_wconf 85' lang='lat' dir='ltr'>improvidus</span> <span class='ocrx_word' id='word_1_262' title='bbox 1251 3813 1292 3876; x_wconf 87' lang='lat' dir='ltr'>ut</span> <span class='ocrx_word' id='word_1_263' title='bbox 1308 3815 1400 3878; x_wconf 88' lang='lat' dir='ltr'>esset</span> <span class='ocrx_word' id='word_1_264' title='bbox 1418 3806 1585 3901; x_wconf 90' lang='lat' dir='ltr'>indiguus</span> <span class='ocrx_word' id='word_1_265' title='bbox 1601 3809 1668 3880; x_wconf 91' lang='lat' dir='ltr'>mi·</span> 
     </span>
     <span class='ocr_line' id='line_1_28' title="bbox 251 3923 1667 4027; baseline 0.008 -34"><span class='ocrx_word' id='word_1_266' title='bbox 251 3923 327 3996; x_wconf 92' lang='lat' dir='ltr'>nori</span> <span class='ocrx_word' id='word_1_267' title='bbox 340 3924 444 3998; x_wconf 90' lang='lat' dir='ltr'>etium</span> <span class='ocrx_word' id='word_1_268' title='bbox 464 3927 645 4022; x_wconf 87' lang='lat' dir='ltr'>dignitate.</span> <span class='ocrx_word' id='word_1_269' title='bbox 664 3927 734 4002; x_wconf 90' lang='lat' dir='ltr'>Sed</span> <span class='ocrx_word' id='word_1_270' title='bbox 751 3949 842 4024; x_wconf 91' lang='lat' dir='ltr'>poue</span> <span class='ocrx_word' id='word_1_271' title='bbox 860 3929 938 4002; x_wconf 90' lang='lat' dir='ltr'>illos</span> <span class='ocrx_word' id='word_1_272' title='bbox 954 3928 1166 4002; x_wconf 88' lang='lat' dir='ltr'>intellexisse</span> <span class='ocrx_word' id='word_1_273' title='bbox 1179 3937 1218 4000; x_wconf 96' lang='lat' dir='ltr'>ut</span> <span class='ocrx_word' id='word_1_274' title='bbox 1235 3929 1374 4002; x_wconf 89' lang='lat' dir='ltr'>taudem</span> <span class='ocrx_word' id='word_1_275' title='bbox 1389 3929 1573 4027; x_wconf 87' lang='lat' dir='ltr'>imperaret</span> <span class='ocrx_word' id='word_1_276' title='bbox 1587 3954 1667 4005; x_wconf 90' lang='lat' dir='ltr'>cum</span> 
     </span>
     <span class='ocr_line' id='line_1_29' title="bbox 253 4047 1668 4152; baseline 0.008 -33"><span class='ocrx_word' id='word_1_277' title='bbox 253 4055 344 4120; x_wconf 91' lang='lat' dir='ltr'>esset</span> <span class='ocrx_word' id='word_1_278' title='bbox 365 4047 515 4124; x_wconf 91' lang='lat' dir='ltr'>idoneus</span> <span class='ocrx_word' id='word_1_279' title='bbox 538 4052 587 4126; x_wconf 91' lang='lat' dir='ltr'>ad</span> <span class='ocrx_word' id='word_1_280' title='bbox 610 4053 794 4148; x_wconf 88' lang='lat' dir='ltr'>imperium</span> <span class='ocrx_word' id='word_1_281' title='bbox 819 4053 1106 4148; x_wconf 89' lang='lat' dir='ltr'>guhemandum,</span> <span class='ocrx_word' id='word_1_282' title='bbox 1132 4053 1270 4126; x_wconf 90' lang='lat' dir='ltr'>interim</span> <span class='ocrx_word' id='word_1_283' title='bbox 1294 4061 1411 4126; x_wconf 90' lang='lat' dir='ltr'>autem</span> <span class='ocrx_word' id='word_1_284' title='bbox 1434 4065 1532 4151; x_wconf 87' lang='lat' dir='ltr'>pater</span> <span class='ocrx_word' id='word_1_285' title='bbox 1552 4059 1668 4152; x_wconf 90' lang='lat' dir='ltr'>reipu-</span> 
     </span>
     <span class='ocr_line' id='line_1_30' title="bbox 252 4169 1670 4277; baseline 0.008 -35"><span class='ocrx_word' id='word_1_286' title='bbox 252 4169 342 4244; x_wconf 90' lang='lat' dir='ltr'>blice</span> <span class='ocrx_word' id='word_1_287' title='bbox 359 4175 571 4268; x_wconf 86' lang='lat' dir='ltr'>provideret.</span> <span class='ocrx_word' id='word_1_288' title='bbox 591 4177 699 4250; x_wconf 87' lang='lat' dir='ltr'>Casus</span> <span class='ocrx_word' id='word_1_289' title='bbox 713 4178 936 4274; x_wconf 90' lang='lat' dir='ltr'>postmodum</span> <span class='ocrx_word' id='word_1_290' title='bbox 956 4178 1163 4270; x_wconf 89' lang='lat' dir='ltr'>intervenit,</span> <span class='ocrx_word' id='word_1_291' title='bbox 1181 4187 1320 4273; x_wconf 84' lang='lat' dir='ltr'>propter</span> <span class='ocrx_word' id='word_1_292' title='bbox 1338 4201 1442 4274; x_wconf 88' lang='lat' dir='ltr'>quem</span> <span class='ocrx_word' id='word_1_293' title='bbox 1468 4202 1536 4254; x_wconf 94' lang='lat' dir='ltr'>non</span> <span class='ocrx_word' id='word_1_294' title='bbox 1559 4191 1670 4277; x_wconf 89' lang='lat' dir='ltr'>potest</span> 
     </span>
     <span class='ocr_line' id='line_1_31' title="bbox 253 4296 1668 4398; baseline 0.008 -32"><span class='ocrx_word' id='word_1_295' title='bbox 253 4317 319 4369; x_wconf 92' lang='lat' dir='ltr'>neo</span> <span class='ocrx_word' id='word_1_296' title='bbox 335 4296 440 4374; x_wconf 89' lang='lat' dir='ltr'>debet</span> <span class='ocrx_word' id='word_1_297' title='bbox 453 4302 688 4393; x_wconf 86' lang='lat' dir='ltr'>jurameutum</span> <span class='ocrx_word' id='word_1_298' title='bbox 708 4303 910 4396; x_wconf 89' lang='lat' dir='ltr'>hujusmodi</span> <span class='ocrx_word' id='word_1_299' title='bbox 928 4303 1119 4396; x_wconf 82' lang='lat' dir='ltr'>observari,</span> <span class='ocrx_word' id='word_1_300' title='bbox 1136 4302 1182 4376; x_wconf 91' lang='lat' dir='ltr'>de</span> <span class='ocrx_word' id='word_1_301' title='bbox 1194 4323 1266 4397; x_wconf 95' lang='lat' dir='ltr'>quo</span> <span class='ocrx_word' id='word_1_302' title='bbox 1283 4303 1456 4398; x_wconf 88' lang='lat' dir='ltr'>principes</span> <span class='ocrx_word' id='word_1_303' title='bbox 1471 4306 1668 4378; x_wconf 87' lang='lat' dir='ltr'>nullatenus</span> 
     </span>
     <span class='ocr_line' id='line_1_32' title="bbox 254 4421 1668 4525; baseline 0.004 -31"><span class='ocrx_word' id='word_1_304' title='bbox 254 4421 502 4519; x_wconf 86' lang='lat' dir='ltr'>cogitalabant,</span> <span class='ocrx_word' id='word_1_305' title='bbox 512 4427 642 4500; x_wconf 86' lang='lat' dir='ltr'>scilicet</span> <span class='ocrx_word' id='word_1_306' title='bbox 652 4427 760 4522; x_wconf 89' lang='lat' dir='ltr'>patu&#39;s</span> <span class='ocrx_word' id='word_1_307' title='bbox 768 4427 946 4502; x_wconf 88' lang='lat' dir='ltr'>decessus.</span> <span class='ocrx_word' id='word_1_308' title='bbox 956 4427 1056 4501; x_wconf 89' lang='lat' dir='ltr'>Unde</span> <span class='ocrx_word' id='word_1_309' title='bbox 1065 4449 1146 4499; x_wconf 91' lang='lat' dir='ltr'>cum</span> <span class='ocrx_word' id='word_1_310' title='bbox 1161 4448 1223 4522; x_wconf 92' lang='lat' dir='ltr'>per</span> <span class='ocrx_word' id='word_1_311' title='bbox 1235 4437 1489 4523; x_wconf 90' lang='lat' dir='ltr'>procuratorem</span> <span class='ocrx_word' id='word_1_312' title='bbox 1503 4451 1572 4502; x_wconf 92' lang='lat' dir='ltr'>uon</span> <span class='ocrx_word' id='word_1_313' title='bbox 1588 4451 1668 4525; x_wconf 83' lang='lat' dir='ltr'>pos·</span> 
     </span>
    </p>
   </div>
   <div class='ocr_carea' id='block_1_2' title="bbox 254 4545 1670 4774">
    <p class='ocr_par' dir='ltr' id='par_1_2' title="bbox 254 4545 1670 4774">
     <span class='ocr_line' id='line_1_33' title="bbox 254 4545 1669 4650; baseline 0.008 -34"><span class='ocrx_word' id='word_1_314' title='bbox 254 4545 300 4617; x_wconf 92' lang='lat' dir='ltr'>sit</span> <span class='ocrx_word' id='word_1_315' title='bbox 318 4546 503 4645; x_wconf 91' lang='lat' dir='ltr'>imperium</span> <span class='ocrx_word' id='word_1_316' title='bbox 522 4553 696 4647; x_wconf 89' lang='lat' dir='ltr'>procurari</span> <span class='ocrx_word' id='word_1_317' title='bbox 711 4573 777 4626; x_wconf 90' lang='lat' dir='ltr'>nec</span> <span class='ocrx_word' id='word_1_318' title='bbox 794 4551 981 4648; x_wconf 88' lang='lat' dir='ltr'>imperator</span> <span class='ocrx_word' id='word_1_319' title='bbox 996 4551 1120 4625; x_wconf 89' lang='lat' dir='ltr'>debeat</span> <span class='ocrx_word' id='word_1_320' title='bbox 1133 4549 1207 4623; x_wconf 84' lang='lat' dir='ltr'>lieri</span> <span class='ocrx_word' id='word_1_321' title='bbox 1228 4551 1460 4647; x_wconf 86' lang='lat' dir='ltr'>temporaliter</span> <span class='ocrx_word' id='word_1_322' title='bbox 1474 4575 1540 4626; x_wconf 88' lang='lat' dir='ltr'>uec</span> <span class='ocrx_word' id='word_1_323' title='bbox 1562 4555 1669 4650; x_wconf 89' lang='lat' dir='ltr'>possit</span> 
     </span>
     <span class='ocr_line' id='line_1_34' title="bbox 254 4673 1670 4774; baseline 0.008 -32"><span class='ocrx_word' id='word_1_324' title='bbox 254 4679 317 4743; x_wconf 90' lang='lat' dir='ltr'>aut</span> <span class='ocrx_word' id='word_1_325' title='bbox 334 4673 418 4746; x_wconf 92' lang='lat' dir='ltr'>velit</span> <span class='ocrx_word' id='word_1_326' title='bbox 442 4673 596 4750; x_wconf 80' lang='lat' dir='ltr'>Ecclesia</span> <span class='ocrx_word' id='word_1_327' title='bbox 616 4677 824 4773; x_wconf 87' lang='lat' dir='ltr'>imperatore</span> <span class='ocrx_word' id='word_1_328' title='bbox 839 4697 968 4764; x_wconf 88' lang='lat' dir='ltr'>carere,</span> <span class='ocrx_word' id='word_1_329' title='bbox 985 4675 1127 4749; x_wconf 86' lang='lat' dir='ltr'>videtur</span> <span class='ocrx_word' id='word_1_330' title='bbox 1143 4673 1239 4770; x_wconf 91' lang='lat' dir='ltr'>quod</span> <span class='ocrx_word' id='word_1_331' title='bbox 1257 4674 1358 4748; x_wconf 88' lang='lat' dir='ltr'>liceat</span> <span class='ocrx_word' id='word_1_332' title='bbox 1374 4674 1521 4774; x_wconf 89' lang='lat' dir='ltr'>imperio</span> <span class='ocrx_word' id='word_1_333' title='bbox 1541 4677 1578 4750; x_wconf 94' lang='lat' dir='ltr'>iu</span> <span class='ocrx_word' id='word_1_334' title='bbox 1601 4679 1670 4753; x_wconf 90' lang='lat' dir='ltr'>alio</span> 
     </span>
    </p>
   </div>
   <div class='ocr_carea' id='block_1_3' title="bbox 0 0 2231 5940">
    <p class='ocr_par' dir='ltr' id='par_1_3' title="bbox 0 0 2231 5940">
     <span class='ocr_line' id='line_1_35' title="bbox 0 0 2231 5940; baseline 0 0"><span class='ocrx_word' id='word_1_335' title='bbox 0 0 2231 5940; x_wconf 95' lang='lat' dir='ltr'> </span> 
     </span>
    </p>
   </div>
  </div>
 </body>
</html>
