4382 5946
485 474 548 536 aaa
989 473 1203 535 rurusrucr
1231 471 1405 535 succum
1706 474 1787 552 [un.
1806 473 1900 536 raus.

490 607 588 691 curti
623 605 901 688 Hcrboltcbeim
933 617 970 688 et
996 607 1036 686 in
1064 607 1267 690 advocatiis
1298 605 1520 688 earumdem
1550 605 1793 691 ecclesiarum
1827 634 1901 690 re-

489 740 665 846 nuntiat,
684 748 722 820 et
748 737 921 821 Heinrico
947 739 1124 848 episcopo
1151 733 1418 851 Argentiuensi
1440 737 1599 848 ejusque
1623 741 1801 823 ecclesiae
1826 767 1901 824 re-

491 875 618 984 signat
650 897 804 956 omnem
830 871 1018 982 justitium
1048 883 1086 954 et
1111 872 1412 980 jurisdictionem
1439 871 1716 979 praedicturum
1744 899 1903 982 posses—

492 1031 659 1090 sronum.

572 1235 708 1310 (Eunu.
723 1234 929 1308 Smorcmm,
950 1231 1044 1296 abar.
1061 1231 1226 1314 daphnae,
1246 1241 1320 1296 mm.
1336 1235 1369 1310 1,
1384 1251 1416 1312 p.
1433 1243 1508 1308 arr,
1521 1243 1554 1294 n·
1574 1231 1743 1306 eccum,
1765 1249 1782 1294 e
1803 1233 1898 1298 tabat.

611 1345 700 1420 episc.
716 1344 882 1421 Argent-
889 1343 1112 1414 werrarum,
1127 1342 1197 1402 Noe.
1208 1337 1313 1402 abac
1330 1337 1462 1419 diplom,
1476 1345 1500 1402 t.
1516 1341 1560 1414 X,
1573 1357 1605 1418 p.
1623 1349 1736 1402 aau-
1743 1340 1897 1402 Memorat

480 1509 484 1516 ,
611 1465 731 1528 quoque
751 1466 799 1526 ap.
822 1449 1034 1522 domemur,
1051 1449 1094 1508 m
1113 1449 1194 1528 episc.
1217 1445 1349 1530 Arcena,
1371 1465 1402 1526 p.
1419 1456 1488 1508 25⁷.
1510 1447 1602 1508 Extat
1619 1447 1707 1508 bodte
1729 1449 1761 1508 tn
1782 1448 1900 1510 ercbtvo

610 1555 834 1634 Argendncnst,
853 1553 986 1614 Armoirc
999 1551 1047 1614 des
1057 1551 1168 1614 charta
1181 1552 1215 1613 de
1230 1549 1362 1624 smerde,
1376 1553 1467 1630 buius
1483 1553 1629 1632 privtlegit
1645 1555 1801 1634 ortgtucta
1816 1559 1899 1634 cujus

614 1661 743 1741 ugtttum
757 1661 885 1723 fractum
896 1661 956 1722 dits
969 1664 1069 1723 sertas
1080 1661 1224 1740 dependet
1234 1663 1356 1742 uridb,
1369 1661 1452 1722 rubrt
1465 1669 1496 1724 et
1508 1663 1684 1724 amormuni
1696 1659 1825 1738 cotorta)

542 1859 735 1934 Fridericus
744 1859 918 1933 secundm
927 1860 990 1932 Dei
1003 1861 1113 1952 gratia
1122 1861 1352 1935 Romanorum
1363 1882 1440 1948 rex,
1457 1881 1594 1956 semper
1601 1869 1783 1953 augustea,
1794 1869 1900 1931 etrex

495 1985 623 2059 Sicilie.
644 1985 748 2056 Decet
764 1983 914 2081 regalem
929 1984 1151 2058 eminentiam
1169 2007 1311 2058 sucrum
1329 1983 1484 2058 fidetium
1499 1985 1602 2078 justis
1619 1985 1903 2080 postulationibus

498 2109 656 2182 inclinari
673 2119 708 2182 et
724 2107 893 2182 beneficio
908 2109 962 2180 eui
982 2105 1171 2181 authentici
1189 2131 1231 2182 ea
1248 2131 1318 2204 que
1336 2109 1580 2184 rationabiliter
1603 2119 1679 2182 ncta
1699 2119 1781 2180 suut
1796 2109 1903 2181 robo-

498 2253 588 2306 rare.
610 2231 694 2305 lude
716 2242 769 2306 est
792 2233 888 2328 qood
912 2254 976 2306 nos
993 2232 1040 2306 ad
1058 2234 1214 2305 notitiam
1237 2235 1392 2308 omnium
1413 2243 1484 2308 tam
1500 2234 1668 2330 presentis
1684 2233 1783 2306 etatis
1799 2255 1901 2328 quarn

497 2356 534 2429 iu
546 2379 651 2430 evum
668 2379 870 2430 successere
880 2357 1085 2452 posteritatis
1097 2359 1278 2452 parvenire
1292 2360 1454 2432 volumus
1465 2358 1561 2453 quod
1573 2379 1636 2432 nos
1646 2357 1902 2452 adsopicudum

498 2502 636 2554 omnem
660 2479 832 2556 discordie
850 2483 1051 2578 scrupulum
1070 2505 1140 2576 que
1162 2483 1250 2554 inter
1271 2480 1390 2556 fideles
1411 2493 1545 2556 nostros
1562 2483 1605 2554 Η.
1622 2481 1902 2577 Argentiuensem

497 2607 698 2702 episcopum
715 2616 750 2679 et
762 2609 801 2678 Β.
814 2606 940 2680 ducem
958 2609 1118 2702 Zariugie
1135 2608 1334 2680 vertebatur
1350 2608 1531 2681 occasione
1548 2617 1676 2698 nosue,
1692 2617 1728 2681 et
1745 2617 1784 2678 ut
1800 2606 1901 2680 etiam

499 2731 588 2804 inter
602 2730 696 2826 ipsos
708 2731 810 2827 plena
823 2731 974 2804 amicitia
985 2733 1238 2816 reformaretur,
1250 2732 1320 2825 juri
1333 2741 1447 2806 nostro
1460 2731 1556 2827 quod
1566 2731 1693 2804 babere
1701 2731 1905 2804 videbamur

500 2856 536 2927 in
554 2856 717 2928 omnibus
733 2855 1008 2950 possessionibus
1024 2855 1200 2950 quondam
1218 2877 1238 2928 a
1257 2855 1315 2952 pie
1332 2855 1495 2929 memorie
1514 2856 1552 2928 C.
1572 2855 1814 2948 Argentioensi
1830 2855 1905 2950 epi-

500 3001 605 3076 scopo
631 2979 756 3074 emptis
777 3002 798 3052 a
822 2980 947 3052 comite
968 2982 1009 3052 B.
1029 2981 1074 3054 de
1093 2981 1298 3071 Nuenburc,
1319 2981 1482 3056 videlicet
1501 2983 1538 3053 in
1559 2979 1740 3054 advocatia
1756 2980 1905 3054 vitama-

501 3105 640 3178 rescette
657 3113 691 3177 et
708 3105 745 3176 in
763 3104 946 3178 advocatia
962 3104 1087 3178 Seldeu
1105 3115 1140 3178 et
1157 3107 1194 3177 iu
1212 3107 1300 3178 corti
1317 3107 1435 3200 Riegol
1452 3116 1487 3180 et
1501 3107 1537 3178 in
1553 3105 1641 3178 curti
1658 3103 1905 3178 Herbottsbeim

502 3239 537 3302 et
552 3230 589 3302 iu
605 3227 798 3302 advocatiis
814 3228 1012 3302 earumdem
1032 3231 1252 3304 ecclesiamm
1271 3241 1305 3304 et
1319 3232 1397 3304 atiis
1411 3231 1623 3326 quibuslibet
1635 3229 1906 3325 possessionibus

502 3364 537 3430 et
554 3355 762 3446 advocatiis‚
785 3353 963 3449 inquibus
980 3355 1111 3450 aliquid
1126 3355 1214 3448 juris
1232 3356 1361 3430 babere
1373 3354 1581 3430 videbamur
1596 3353 1777 3428 occasione
1791 3355 1906 3446 cnjus-

505 3479 587 3552 dam
603 3479 800 3553 donationis
818 3479 898 3552 olim
916 3501 937 3551 a
955 3489 1141 3552 memorato
1157 3481 1280 3554 comite
1296 3479 1492 3554 venerande
1510 3481 1674 3554 memorie
1691 3477 1778 3574 patri
1796 3485 1908 3550 nostro

499 3604 608 3695 ‚facta
626 3625 673 3676 ex
690 3613 781 3678 certa
795 3604 944 3678 sciencia
959 3605 1248 3697 renuntiavimus,
1259 3616 1293 3678 et
1303 3602 1372 3702 [aa]
1383 3605 1476 3679 dicto
1487 3607 1528 3678 Η.
1543 3605 1705 3700 episcopo
1719 3611 1754 3674 et
1767 3601 1909 3675 sommis

505 3727 746 3821 argentinensi
765 3727 1024 3824 inperpetuum
1043 3729 1308 3824 resignavimus,
1320 3749 1457 3802 omnem
1470 3729 1689 3822 justiciamet
1699 3726 1910 3822 Jurisdictio-

507 3873 586 3926 nem
605 3859 859 3948 pretaxaturum
879 3853 1132 3947 possessionum
1151 3863 1186 3926 et
1202 3854 1458 3928 advocatiarum
1472 3877 1553 3928 cum
1566 3853 1728 3927 omnibus
1741 3851 1911 3948 peuiueo·

508 3977 564 4049 tiis
589 3975 662 4050 suis
681 3974 922 4072 Argentiuensi
948 3977 1091 4050 ecclesia
1109 3977 1145 4050 in
1166 3987 1370 4075 perpetuum
1392 3977 1646 4052 confirmantes.
1667 3976 1723 4050 Ad
1747 3977 1846 4068 cujus
1863 3977 1912 4048 rei

509 4123 695 4198 perennem
713 4102 914 4176 memoriam
928 4113 1119 4200 presentem
1134 4103 1295 4201 paginam
1310 4104 1479 4177 conscribi
1493 4104 1660 4198 jussimus
1678 4113 1712 4176 et
1729 4101 1914 4194 majestatis

511 4237 625 4301 nostre
643 4228 736 4300 botta
753 4227 960 4321 consignari.

561 4352 677 4424 testes
692 4351 796 4444 hujus
814 4353 865 4426 rei
881 4362 961 4425 sunt
985 4351 1164 4426 Videricue
1181 4353 1400 4426 Treverensis
1420 4352 1718 4450 archiepiscopus,
1739 4347 1916 4422 Conradus

514 4474 715 4548 Constancie
739 4476 938 4571 episcopus,
963 4476 1133 4550 Walterus
1154 4477 1352 4552 Basitiensis
1375 4479 1519 4568 electus,
1542 4476 1619 4548 Otto
1646 4473 1722 4547 dux
1739 4471 1912 4558 bleranie,

515 4620 629 4673 comes
651 4599 849 4694 Sigebertus
871 4599 916 4673 de
939 4601 1067 4675 Werda
1086 4611 1120 4676 et
1139 4599 1231 4676 tilius
1249 4605 1342 4697 ejus,
1361 4625 1476 4678 comes
1492 4599 1672 4676 Haimicus
1690 4598 1734 4672 de
1755 4595 1914 4668 Gemino·
