4378 5954
551 558 592 620 96
1054 559 1267 620 ruthenici
1292 559 1464 621 SECUNDI
1777 563 1858 644 [aas.
1878 565 1964 630 1202

552 702 727 803 parentes
750 691 809 773 sui
828 691 862 773 ei
879 703 1164 800 concesserunt,
1183 694 1442 802 superaddens
1468 694 1661 778 licentiam
1681 695 1965 808 introducendi,

552 825 741 910 vendendi
771 833 809 907 et
839 826 1060 908 extrahendi
1092 827 1173 909 sine
1202 826 1356 911 datione
1388 826 1517 938 aliqua
1548 855 1616 940 per
1650 838 1774 914 totum
1803 857 1967 944 regnum

554 985 818 1072 quaecumque
831 957 967 1041 iratres
984 985 1054 1068 pro
1073 959 1233 1042 servitiis
1247 959 1366 1069 ipsius
1379 959 1579 1069 hospitalis
1592 961 1793 1046 voluerint.

632 1165 761 1248 (Edlder.
775 1167 978 1244 Moucrroau,
992 1165 1089 1228 Mam.
1106 1165 1232 1226 Suectoc
1248 1165 1493 1228 Trinitatem
1510 1167 1602 1244 Hirt,
1616 1184 1682 1246 cap.
1696 1169 1750 1246 IV,
1764 1186 1796 1246 p.
1815 1178 1870 1243 16,
1885 1171 1965 1248 apud

672 1273 853 1349 (incurrunt,
879 1271 1018 1334 thratrr.
1040 1274 1132 1354 antiq.
1153 1269 1252 1348 stet,
1274 1279 1298 1336 t.
1323 1271 1703 1348 xlv.-11msas‚cod
1727 1271 1847 1356 deplom.
1868 1274 1962 1338 ordio.

671 1379 706 1442 S.
722 1379 832 1439 Murice
850 1377 1029 1454 Therone,
1044 1395 1074 1458 p.
1092 1387 1122 1454 6,
1138 1389 1171 1440 n⁰
1186 1379 1230 1459 6.)

599 1567 794 1642 Fridericus
808 1567 928 1640 divina
948 1567 1085 1640 favente
1098 1567 1280 1640 clementia
1294 1587 1360 1639 rex
1374 1566 1502 1658 Sicilie,
1520 1565 1669 1639 ducatus
1681 1565 1805 1662 Apulis
1820 1577 1856 1640 et
1870 1568 1965 1665 prin·

551 1694 687 1790 cipetus
709 1694 836 1788 Capua.
860 1692 1016 1786 Dignitas
1037 1693 1132 1786 regia
1157 1703 1240 1764 tunc
1268 1713 1351 1764 vere
1373 1689 1579 1764 clarificatur
1602 1698 1637 1763 ct
1658 1691 1777 1764 rutilat
1796 1713 1876 1764 oum
1900 1715 1964 1766 ec-

552 1821 733 1894 elesiarum
752 1827 786 1890 et
804 1818 956 1889 locorum
980 1817 1231 1890 venerabilium
1250 1817 1456 1890 utilitatibus
1477 1817 1663 1890 clementer
1680 1815 1839 1910 invigilat
1856 1823 1892 1889 et
1905 1839 1964 1891 eas

553 1944 627 2018 suis
648 1941 826 2016 beneficiis
850 1941 1061 2015 liberalitatis
1084 1944 1225 2016 exaltat.
1251 1943 1322 2016 Hac
1345 1941 1451 2037 igitur
1469 1941 1565 2016 ducti
1590 1941 1884 2032 consideratione,
1906 1952 1965 2016 at-

553 2067 735 2143 tendentes
751 2067 964 2140 honestatem
983 2076 1017 2140 et
1034 2068 1236 2161 religionem
1250 2068 1360 2141 saneti
1374 2068 1553 2164 hospitalis
1569 2068 1673 2140 Beate
1690 2068 1797 2141 llario
1809 2069 1964 2142 Thente-

555 2193 710 2266 nicorum
734 2189 808 2290 [in]
831 2193 1062 2284 Hierusalem,
1090 2214 1153 2286 pro
1179 2192 1362 2265 animabus
1386 2191 1537 2264 lelicium
1565 2200 1746 2288 parentum
1772 2203 1963 2266 nostrorum

556 2315 687 2390 domini
705 2314 921 2410 imperatoris
942 2323 976 2386 et
1000 2315 1140 2388 domine
1164 2314 1388 2410 imperatricis
1412 2314 1504 2387 bone
1527 2315 1706 2403 memorie,
1729 2314 1775 2388 de
1801 2316 1909 2411 gratia
1930 2325 1965 2390 et

556 2449 719 2514 consueta
749 2438 983 2512 munificentia
1008 2449 1125 2512 nostra
1155 2449 1322 2536 perpetuo
1353 2437 1577 2512 concedimus
1604 2448 1640 2512 et
1664 2436 1834 2512 donamus
1859 2440 1965 2513 libere

555 2565 621 2662 ipsi
640 2573 759 2638 sancto
777 2564 936 2659 hospitali
963 2566 1075 2637 casale
1095 2565 1270 2637 bleserelle
1293 2565 1327 2635 iu
1348 2563 1545 2636 tenimentis
1559 2563 1708 2660 Cephalo
1726 2585 1806 2636 cum
1829 2566 1965 2638 molen-

555 2691 639 2765 dino
663 2700 698 2764 et
719 2690 881 2764 omnibus
903 2690 1004 2782 justis
1031 2689 1227 2762 tenimentis
1252 2697 1287 2762 el
1310 2689 1524 2785 pertinentiis
1549 2689 1635 2762 suis.
1660 2687 1908 2763 Condrmamus
1932 2699 1966 2762 et

555 2817 725 2891 donamus
744 2815 864 2890 domui
883 2817 1006 2888 Sancte
1023 2815 1196 2886 Trinitatis
1213 2813 1390 2902 Panormi,
1403 2835 1474 2908 que
1492 2821 1544 2885 est
1562 2812 1646 2886 dicti
1661 2813 1768 2886 sancti
1789 2813 1965 2910 hospitalis

555 2941 785 3031 Hierusalem,
813 2959 1033 3033 quecumque
1057 2937 1217 3010 dominus
1242 2939 1425 3033 imperator
1445 2945 1481 3010 et
1506 2935 1648 3009 domina
1675 2937 1877 3032 imperatrix
1904 2957 1964 3032 pa-

555 3075 669 3140 rentes
696 3065 802 3137 nostri
825 3064 856 3136 ei
881 3063 1145 3136 misericorditer
1169 3070 1423 3134 concesserunt.
1451 3059 1609 3134 Ceterum
1632 3061 1717 3156 qnia
1741 3061 1777 3132 in
1803 3069 1885 3134 voto
1904 3083 1966 3155 ge-

554 3191 664 3263 rimus
681 3188 818 3261 utilitati
833 3197 868 3261 et
884 3185 1065 3260 commodo
1082 3187 1192 3282 ipsius
1208 3185 1387 3280 hospitalis
1404 3195 1439 3258 et
1459 3185 1640 3258 domorum
1658 3185 1734 3275 ejus
1755 3205 1842 3278 quas
1862 3184 1966 3257 habet

554 3317 591 3388 in
607 3336 713 3410 regno
730 3313 913 3406 diligenter
930 3309 1108 3386 attendere
1125 3321 1159 3384 et
1173 3310 1356 3384 efficaciter
1372 3307 1574 3406 providere,
1594 3309 1641 3383 de
1657 3308 1774 3382 innata
1789 3309 1890 3382 uobis
1907 3329 1964 3382 oe·

553 3441 635 3512 litus
652 3435 762 3530 gratia
783 3445 950 3534 perpetuo
967 3435 1190 3508 concedimus
1206 3435 1273 3531 ipsi
1292 3435 1451 3531 hospitali
1474 3443 1510 3508 et
1525 3434 1686 3507 omuibus
1709 3433 1870 3508 domibus
1890 3435 1964 3526 eius

554 3585 623 3660 que
644 3561 779 3635 suntin
799 3583 906 3655 regno
924 3571 1040 3634 nostro
1062 3569 1100 3632 ut
1118 3558 1163 3633 de
1179 3567 1291 3633 cetero
1310 3559 1410 3632 liceat
1429 3559 1479 3632 eis
1498 3559 1606 3632 libere
1624 3567 1659 3632 et
1674 3559 1748 3631 siue
1765 3558 1882 3653 aliqua
1901 3557 1964 3631 da·

553 3689 646 3760 tione
667 3687 742 3759 sive
762 3686 942 3782 plateatico
964 3694 999 3758 et
1026 3685 1230 3780 portulatico
1256 3683 1480 3756 intromittere
1498 3685 1554 3756 vel
1573 3681 1792 3755 introducere
1809 3690 1880 3754 tam
1904 3703 1965 3778 per

554 3833 650 3886 mare
674 3833 780 3907 quam
805 3831 867 3906 per
888 3818 1010 3882 terram
1035 3819 1071 3881 et
1090 3831 1152 3904 per
1169 3818 1288 3904 portus
1311 3829 1530 3903 quecumque
1548 3807 1737 3898 voluerint;
1759 3815 1793 3879 et
1815 3806 1965 3879 vendere

553 3938 609 4010 vel
628 3957 743 4009 emere
762 3956 824 4007 seu
842 3933 991 4007 alienare
1014 3944 1082 4005 tam
1102 3934 1138 4004 iu
1158 3934 1296 4006 civitate
1312 3932 1470 4006 Panormi
1488 3955 1593 4028 quam
1613 3954 1675 4028 per
1692 3939 1801 4004 totum
1819 3951 1963 4026 regnum

553 4073 709 4135 nostrum
732 4059 930 4153 ubicunque
951 4059 1123 4132 volueriut
1141 4081 1203 4154 pro
1222 4059 1369 4152 negotiis
1389 4065 1424 4130 et
1441 4057 1591 4130 servitiis
1608 4057 1718 4152 ipsius
1736 4055 1915 4151 hospitalis
1931 4065 1965 4127 et

553 4186 735 4260 domorum
754 4186 847 4277 ejus,
869 4205 938 4277 que
955 4192 1036 4256 sunt
1060 4183 1096 4253 in
1115 4204 1222 4276 regno
1244 4191 1378 4273 nostr0;
1400 4191 1435 4256 et
1453 4183 1554 4254 liceat
1571 4181 1733 4254 iratribus
1754 4179 1864 4276 ipsius
1883 4179 1963 4252 hos·

552 4310 668 4407 pitalis
682 4317 717 4382 et
735 4307 915 4382 domorum
934 4307 1010 4399 ejus
1029 4307 1074 4380 de
1091 4329 1199 4398 reguo
1222 4307 1330 4380 libere
1350 4315 1385 4380 et
1405 4305 1480 4380 sine
1500 4307 1616 4400 aliqua
1637 4304 1777 4378 datione
1794 4307 1871 4376 sive
1890 4303 1963 4398 pla·

553 4435 676 4508 teatino
696 4435 753 4504 vel
771 4432 975 4530 portulatico
990 4432 1171 4504 extrahere
1192 4453 1254 4526 per
1273 4453 1367 4504 mare
1387 4433 1444 4504 vel
1467 4451 1529 4528 per
1552 4439 1674 4503 terram
1698 4449 1759 4524 per
1780 4436 1889 4500 totum
1910 4448 1964 4499 re·

553 4581 664 4652 gnum
684 4569 839 4632 nostrum
858 4578 1067 4653 quecunque
1084 4556 1266 4648 voluerint,
1285 4564 1320 4628 et
1336 4557 1472 4628 mittere
1488 4555 1577 4629 ultra
1593 4576 1688 4628 mare
1706 4551 1754 4626 ad
1771 4551 1963 4649 predictum

554 4691 712 4758 sanctum
742 4683 913 4779 hospitale
941 4683 1045 4755 Beate
1076 4680 1184 4754 blarie
1215 4678 1504 4754 Theutonioornm
1534 4677 1760 4752 Hierusalem.
1775 4673 1834 4747 Ad
1859 4674 1964 4765 huJue
