4334 5980
514 527 577 588 224
1015 523 1229 586 Flilbssbici
1253 523 1428 586 sscrtrtnt
1740 527 1823 606 [nan
1842 527 1928 590 1212

518 661 646 733 litteras
669 657 875 754 inspectoris
905 657 1051 730 salutem
1075 657 1113 729 in
1138 668 1279 734 auctore
1305 661 1441 734 salotis.
1464 661 1509 733 tJt
1536 660 1695 734 ecclesiis
1718 671 1755 733 et
1776 663 1932 758 personis

514 783 772 875 ecciesiasticis,
800 781 953 856 maxime
979 782 1194 878 principibus
1211 796 1247 858 et
1266 785 1334 858 iilis
1351 786 1516 882 precipue
1538 787 1600 880 qui
1623 805 1688 882 pro
1711 797 1829 861 nosos
1850 809 1931 883 pro·

516 909 667 982 motione
687 930 742 981 res
763 907 888 1004 pariter
905 915 940 980 et
956 927 1120 1003 personas
1136 929 1206 981 non
1225 907 1431 982 dubitarunt
1446 931 1644 1006 exponere,
1667 931 1739 983 non
1755 911 1868 984 solum
1887 930 1929 984 oa

513 1054 584 1129 qne
597 1033 644 1106 ad
659 1033 752 1128 ipsos
769 1032 941 1129 pertinent
957 1031 1066 1106 iibere
1080 1053 1123 1106 ac
1135 1031 1280 1129 pacifice
1296 1033 1524 1124 dimittamus,
1542 1035 1785 1109 verumetiam
1804 1033 1928 1109 eadem

512 1165 737 1250 augmentare
752 1155 850 1248 regia
863 1151 1100 1228 munificentia
1113 1155 1330 1250 studeamus,
1346 1167 1383 1230 et
1398 1159 1475 1255 ipsa
1491 1159 1580 1232 ratio
1595 1158 1781 1255 persuadet
1794 1169 1831 1232 et
1846 1180 1928 1232 con·

512 1281 675 1356 sideratio
699 1281 806 1354 nostri
829 1279 1019 1354 adversarii
1043 1301 1108 1354 nos
1127 1279 1282 1374 inducit,
1302 1283 1364 1378 qni
1386 1293 1526 1380 propter
1544 1285 1634 1358 iacta
1657 1285 1829 1357 contraria
1852 1303 1930 1380 pro·

513 1405 639 1480 notatis
664 1405 910 1480 adversitatem
932 1403 1113 1478 bominum
1139 1415 1175 1479 et
1204 1406 1369 1482 odernam
1395 1407 1554 1480 divinam
1585 1407 1712 1480 meruit
1742 1407 1924 1480 sustinere.

513 1531 729 1628 Quapropter
744 1552 807 1604 nos
822 1529 1076 1625 multipliciaet
1094 1528 1222 1605 devota
1238 1531 1408 1626 obsequia
1418 1552 1490 1626 que
1504 1530 1652 1605 dilectus
1665 1531 1799 1604 amicus
1814 1541 1929 1604 noster

514 1653 675 1747 Siiridus,
690 1655 969 1750 archiepiscopus
982 1654 1207 1749 Mogontinos
1223 1665 1260 1728 et
1273 1655 1462 1752 apostolice
1473 1653 1574 1730 Sedis
1590 1655 1738 1750 legatus,
1747 1655 1850 1728 nobis
1862 1654 1929 1727 sub

514 1781 613 1873 gravi
635 1779 788 1876 periculo
810 1788 845 1851 et
863 1777 981 1850 labore
996 1800 1038 1851 ac
1056 1778 1291 1854 immoderatis
1306 1781 1506 1876 sumptibus
1521 1791 1558 1852 et
1576 1781 1740 1876 expensis
1760 1779 1931 1875 impendit

516 1901 719 1998 diligentius
743 1901 976 1988 attendentes,
996 1902 1168 1976 universis
1189 1904 1381 2000 bonisque
1405 1905 1463 1978 vol
1485 1905 1722 2001 progenitores
1741 1904 1848 1978 nostri
1873 1903 1929 1976 rel

516 2028 575 2103 olii
603 2029 816 2124 quicumque
838 2027 1058 2124 imperatores
1077 2037 1140 2102 ant
1162 2049 1263 2124 regas
1285 2037 1474 2104 tennmnnt
1495 2029 1541 2103 ab
1566 2029 1712 2102 melesio
1729 2029 1931 2122 Maguntinr

518 2155 683 2248 niveque
701 2153 787 2227 alias
807 2152 1024 2250 occupabant
1044 2150 1091 2226 de
1111 2153 1212 2228 bonis
1233 2153 1350 2228 eidem
1369 2155 1516 2228 ecclesie
1535 2153 1802 2250 pertinentibus,
1822 2153 1930 2226 iibere

519 2289 556 2351 st
580 2277 737 2352 obsolute
762 2277 808 2352 de
833 2277 924 2352 bona
954 2287 989 2352 et
1011 2289 1202 2374 spontanea
1227 2281 1405 2353 voluntate
1432 2281 1671 2353 renuntiamus
1698 2289 1734 2352 et
1760 2275 1929 2370 jamdicto

408 2421 413 2430 ·
519 2401 777 2500 archiepiscopo
789 2403 932 2499 suisque
947 2403 1203 2478 successoribus
1216 2403 1424 2478 dimittimus
1438 2403 1586 2502 pacifice
1603 2413 1639 2476 et
1654 2404 1770 2498 quiete
1788 2403 1825 2474 in
1842 2421 1931 2498 pos—

517 2539 630 2602 terum
654 2528 877 2624 possidenda.
905 2528 1061 2602 Preterea
1084 2529 1246 2603 universa
1259 2531 1339 2622 jura
1361 2539 1432 2602 tam
1458 2529 1689 2602 ecclesiastica
1704 2549 1810 2623 quam
1831 2547 1932 2599 secu·

518 2653 603 2726 laria
625 2663 661 2726 et
679 2651 947 2728 consuetudines
969 2653 1178 2750 approbatas
1196 2675 1267 2748 qne
1288 2653 1383 2726 idem
1405 2653 1686 2749 archiepiscopus
1703 2663 1773 2726 tam
1790 2651 1828 2724 in
1844 2650 1931 2723 civi·

519 2788 588 2852 tato
611 2777 863 2873 birgantinensi
881 2799 988 2872 quarn
1009 2777 1125 2874 opidis
1144 2787 1179 2852 et
1196 2778 1316 2851 castris
1332 2777 1400 2852 sibi
1424 2775 1590 2870 subjectis
1608 2775 1737 2850 habers
1753 2773 1933 2848 comunt

519 2903 578 2978 vel
594 2925 665 2998 qne
681 2902 728 2978 ad
742 2925 824 2977 cunr
843 2903 1014 2999 portinere
1029 2913 1232 2996 noscuntur,
1253 2903 1286 2976 ei
1304 2903 1513 2976 remittimus
1529 2901 1661 2975 illibata
1683 2911 1724 2974 ut
1746 2900 1821 2974 sine
1841 2919 1931 2996 quo-

522 3026 606 3100 tibet
624 3025 868 3122 impedimento
892 3025 1000 3100 libere
1022 3035 1139 3100 utatur
1159 3025 1306 3100 eisdem.
1329 3027 1375 3100 Ut
1396 3035 1512 3100 antem
1542 3023 1760 3098 commodius
1778 3033 1814 3098 et
1829 3045 1932 3096 oom-

521 3153 692 3248 peteutius
720 3152 836 3226 omnin
861 3152 1029 3247 premissa
1056 3150 1211 3224 debitum
1239 3150 1425 3224 sortiantur
1449 3149 1629 3242 effectum,
1649 3149 1813 3222 volumus
1828 3149 1930 3240 etjrr·

521 3277 642 3350 bemus
661 3287 700 3348 ut
719 3277 920 3350 auctoritate
938 3276 1074 3372 propria
1089 3274 1289 3372 sepedictus
1306 3273 1588 3370 archiepiscopus
1604 3293 1647 3348 ea
1664 3271 1827 3346 vendicet
1842 3280 1878 3345 et
1893 3271 1931 3343 in

519 3423 619 3474 suam
640 3402 774 3496 redigat
791 3413 1004 3497 potestatam.

567 3527 655 3600 Acta
674 3537 756 3598 sunt
773 3527 837 3600 hec
853 3527 1069 3622 presentibus
1083 3525 1218 3600 dilectis
1231 3525 1359 3598 nostris
1372 3521 1556 3598 Cuonrado
1572 3522 1715 3598 bietensi
1730 3531 1765 3594 et
1779 3518 1931 3618 Spirensi

519 3650 700 3746 episcopo,
720 3651 908 3746 imperialis
925 3650 1005 3723 aule
1022 3649 1226 3722 cancellario
1243 3649 1316 3744 (i),
1337 3646 1494 3744 Lupoldo
1511 3645 1754 3720 Wormaticnsi
1775 3655 1811 3718 et
1828 3643 1930 3716 Hein-

519 3775 591 3848 rico
607 3773 848 3870 Argentinensi
864 3773 917 3870 (2)
934 3773 1121 3870 episcopis,
1139 3773 1330 3849 Woliramo
1348 3771 1476 3846 abbate
1495 3771 1541 3846 da
1553 3769 1792 3862 Wizcmbnrc‚
1813 3766 1931 3842 Frido·

519 3899 590 3974 rico
606 3899 697 3974 duce
715 3899 946 3992 lotharingie,
965 3921 1008 3972 ac
1025 3899 1101 3972 aliis
1119 3898 1401 3996 quampluribus.

566 4026 691 4098 Datum
708 4025 925 4119 Hagenowe,
947 4023 991 4096 111
1006 4044 1115 4098 nonas
1129 4022 1299 4116 octobris,
1322 4020 1520 4096 indictionis
1536 4018 1612 4094 XV.

556 4273 594 4348 (t)
612 4273 644 4330 ln
655 4272 707 4331 boc
717 4271 878 4330 documento
890 4270 977 4345 prima
985 4270 1045 4328 rios
1055 4267 1194 4330 Corradus
1207 4267 1342 4343 Spirensis
1350 4267 1494 4342 episcopos
1505 4273 1633 4340 tanuarn
1643 4263 1750 4339 imperii
1762 4261 1934 4320 canceibrius

519 4371 656 4430 Friderico
669 4369 787 4440 adsistit,
801 4369 847 4444 qni
860 4369 914 4426 boc
926 4383 997 4426 anno
1014 4383 1108 4426 mense
1121 4366 1255 4424 februario
1273 4381 1336 4424 cunr
1349 4364 1446 4424 andr·
1458 4364 1537 4422 titulo
1549 4363 1676 4422 Ottonem
1689 4361 1724 4420 ab
1738 4360 1817 4418 ltalia
1828 4359 1856 4417 in
1866 4359 1936 4416 bie-

519 4470 655 4530 mannirm
668 4469 825 4528 redeuntem
840 4467 929 4527 adbuc
939 4465 1128 4526 comitabatur.
1137 4464 1198 4524 vid.
1209 4465 1360 4534 boum,
1371 4463 1473 4536 κεραοὶ.
1484 4463 1608 4528 ottonis,
1623 4461 1661 4518 n¹⁸
1673 4461 1736 4530 tbi,
1752 4461 1814 4516 roo.

557 4565 595 4643 (2)
614 4567 743 4626 tienricus
755 4567 790 4626 de
799 4565 934 4640 veringen
943 4562 1145 4639 Argentinensis
1156 4562 1299 4637 opiscopus
1306 4561 1364 4635 ianr
1374 4559 1446 4635 apud
1459 4557 1590 4616 basileam
1602 4571 1665 4614 cnm
1677 4555 1831 4630 quingentis
1840 4551 1936 4612 militi·

522 4665 575 4725 bus
586 4665 718 4725 Friderico
730 4671 893 4726 occurrerat.
905 4661 946 4724 Ci.
961 4661 1081 4722 Conrodi
1096 4663 1222 4738 rtrum.
1234 4659 1366 4731 ebronis„
1380 4673 1409 4732 p.
1426 4657 1490 4716 tta.
