<?xml version="1.0" encoding="UTF-8"?>
<!DOCTYPE html PUBLIC "-//W3C//DTD XHTML 1.0 Transitional//EN"
    "http://www.w3.org/TR/xhtml1/DTD/xhtml1-transitional.dtd">
<html xmlns="http://www.w3.org/1999/xhtml" xml:lang="en" lang="en">
 <head>
  <title>
</title>
<meta http-equiv="Content-Type" content="text/html;charset=utf-8" />
  <meta name='ocr-system' content='tesseract 3.04.00' />
  <meta name='ocr-capabilities' content='ocr_page ocr_carea ocr_par ocr_line ocrx_word'/>
</head>
<body>
  <div class='ocr_page' id='page_1' title='image "./historiadiploma06fredgoog_0035.png"; bbox 0 0 4434 5942; ppageno 0'>
   <div class='ocr_carea' id='block_1_1' title="bbox 384 2807 541 2972">
    <p class='ocr_par' dir='ltr' id='par_1_1' title="bbox 384 2807 541 2972">
     <span class='ocr_line' id='line_1_1' title="bbox 396 2807 526 2864; baseline 0.008 -12"><span class='ocrx_word' id='word_1_1' title='bbox 396 2807 526 2864; x_wconf 68' lang='lat' dir='ltr'><strong>[hunni.</strong></span> 
     </span>
     <span class='ocr_line' id='line_1_2' title="bbox 384 2863 541 2907; baseline 0.006 -1"><span class='ocrx_word' id='word_1_2' title='bbox 384 2863 541 2907; x_wconf 77' lang='lat' dir='ltr'><strong>lltncrcmbrls</strong></span> 
     </span>
     <span class='ocr_line' id='line_1_3' title="bbox 410 2917 514 2972; baseline 0.01 -13"><span class='ocrx_word' id='word_1_3' title='bbox 410 2917 514 2972; x_wconf 72' lang='lat' dir='ltr'><strong>draiton]</strong></span> 
     </span>
    </p>
   </div>
   <div class='ocr_carea' id='block_1_2' title="bbox 573 541 1981 630">
    <p class='ocr_par' dir='ltr' id='par_1_2' title="bbox 573 541 1981 630">
     <span class='ocr_line' id='line_1_4' title="bbox 573 541 1981 630; baseline 0.006 -24"><span class='ocrx_word' id='word_1_4' title='bbox 573 545 611 607; x_wconf 88' lang='lat'><strong>16</strong></span> <span class='ocrx_word' id='word_1_5' title='bbox 1070 547 1284 609; x_wconf 74' lang='lat' dir='ltr'><strong>lllllllElilCl</strong></span> <span class='ocrx_word' id='word_1_6' title='bbox 1310 547 1483 608; x_wconf 73' lang='lat' dir='ltr'><strong>securta!</strong></span> <span class='ocrx_word' id='word_1_7' title='bbox 1527 541 1531 546; x_wconf 78' lang='grc'><strong>’</strong></span> <span class='ocrx_word' id='word_1_8' title='bbox 1790 551 1871 630; x_wconf 77' lang='lat' dir='ltr'><strong>[Aua.</strong></span> <span class='ocrx_word' id='word_1_9' title='bbox 1890 551 1981 616; x_wconf 78' lang='lat'>1198.</span> 
     </span>
    </p>
   </div>
   <div class='ocr_carea' id='block_1_3' title="bbox 567 679 1984 2274">
    <p class='ocr_par' dir='ltr' id='par_1_3' title="bbox 567 679 1984 2141">
     <span class='ocr_line' id='line_1_5' title="bbox 567 679 1982 780; baseline 0.007 -28"><span class='ocrx_word' id='word_1_10' title='bbox 567 683 670 774; x_wconf 83' lang='lat' dir='ltr'><strong>juxta</strong></span> <span class='ocrx_word' id='word_1_11' title='bbox 696 679 844 755; x_wconf 82' lang='lat' dir='ltr'><strong>verbum</strong></span> <span class='ocrx_word' id='word_1_12' title='bbox 873 680 1112 777; x_wconf 86' lang='lat' dir='ltr'><strong>propheticum</strong></span> <span class='ocrx_word' id='word_1_13' title='bbox 1137 682 1280 780; x_wconf 81' lang='lat' dir='ltr'><strong>dissipet</strong></span> <span class='ocrx_word' id='word_1_14' title='bbox 1303 693 1338 756; x_wconf 89' lang='lat' dir='ltr'><strong>et</strong></span> <span class='ocrx_word' id='word_1_15' title='bbox 1359 685 1486 757; x_wconf 88' lang='lat' dir='ltr'><strong>evellat</strong></span> <span class='ocrx_word' id='word_1_16' title='bbox 1502 705 1573 778; x_wconf 88' lang='lat' dir='ltr'><strong>que</strong></span> <span class='ocrx_word' id='word_1_17' title='bbox 1592 684 1727 757; x_wconf 87' lang='lat' dir='ltr'><strong>noverit</strong></span> <span class='ocrx_word' id='word_1_18' title='bbox 1743 687 1926 760; x_wconf 87' lang='lat' dir='ltr'><strong>evellenda</strong></span> <span class='ocrx_word' id='word_1_19' title='bbox 1946 696 1982 762; x_wconf 90' lang='lat' dir='ltr'><strong>at</strong></span> 
     </span>
     <span class='ocr_line' id='line_1_6' title="bbox 569 803 1982 903; baseline 0.004 -25"><span class='ocrx_word' id='word_1_20' title='bbox 569 803 709 878; x_wconf 85' lang='lat' dir='ltr'><strong>edificet</strong></span> <span class='ocrx_word' id='word_1_21' title='bbox 724 813 760 877; x_wconf 90' lang='lat' dir='ltr'><strong>et</strong></span> <span class='ocrx_word' id='word_1_22' title='bbox 777 805 994 900; x_wconf 88' lang='lat' dir='ltr'><strong>plantetque</strong></span> <span class='ocrx_word' id='word_1_23' title='bbox 1011 807 1209 900; x_wconf 79' lang='lat' dir='ltr'><strong>cognoverit</strong></span> <span class='ocrx_word' id='word_1_24' title='bbox 1223 829 1299 880; x_wconf 91' lang='lat' dir='ltr'><strong>esse</strong></span> <span class='ocrx_word' id='word_1_25' title='bbox 1314 807 1522 903; x_wconf 86' lang='lat' dir='ltr'><strong>plantanda;</strong></span> <span class='ocrx_word' id='word_1_26' title='bbox 1548 829 1613 881; x_wconf 87' lang='lat' dir='ltr'><strong>vos</strong></span> <span class='ocrx_word' id='word_1_27' title='bbox 1634 809 1738 881; x_wconf 87' lang='lat' dir='ltr'><strong>etiam</strong></span> <span class='ocrx_word' id='word_1_28' title='bbox 1755 809 1800 882; x_wconf 92' lang='lat' dir='ltr'><strong>do</strong></span> <span class='ocrx_word' id='word_1_29' title='bbox 1820 809 1982 884; x_wconf 63' lang='lat' dir='ltr'><strong>mucro-</strong></span> 
     </span>
     <span class='ocr_line' id='line_1_7' title="bbox 568 930 1982 1028; baseline 0.004 -26"><span class='ocrx_word' id='word_1_30' title='bbox 568 930 673 1004; x_wconf 90' lang='lat' dir='ltr'><strong>lentia</strong></span> <span class='ocrx_word' id='word_1_31' title='bbox 695 951 800 1024; x_wconf 88' lang='lat' dir='ltr'><strong>quam</strong></span> <span class='ocrx_word' id='word_1_32' title='bbox 823 931 915 1004; x_wconf 89' lang='lat' dir='ltr'><strong>circa</strong></span> <span class='ocrx_word' id='word_1_33' title='bbox 939 931 1127 1026; x_wconf 86' lang='lat' dir='ltr'><strong>predictam</strong></span> <span class='ocrx_word' id='word_1_34' title='bbox 1148 932 1303 1026; x_wconf 79' lang='lat' dir='ltr'>reginam</span> <span class='ocrx_word' id='word_1_35' title='bbox 1319 942 1354 1004; x_wconf 89' lang='lat' dir='ltr'><strong>et</strong></span> <span class='ocrx_word' id='word_1_36' title='bbox 1373 931 1482 1004; x_wconf 85' lang='lat' dir='ltr'><strong>lilium</strong></span> <span class='ocrx_word' id='word_1_37' title='bbox 1497 935 1573 1027; x_wconf 86' lang='lat' dir='ltr'><strong>ejus</strong></span> <span class='ocrx_word' id='word_1_38' title='bbox 1595 955 1710 1028; x_wconf 79' lang='lat' dir='ltr'><strong>regam</strong></span> <span class='ocrx_word' id='word_1_39' title='bbox 1728 933 1894 1008; x_wconf 73' lang='lat' dir='ltr'><strong>illustrem</strong></span> <span class='ocrx_word' id='word_1_40' title='bbox 1913 956 1982 1028; x_wconf 77' lang='lat' dir='ltr'><strong>ge-</strong></span> 
     </span>
     <span class='ocr_line' id='line_1_8' title="bbox 570 1055 1983 1156; baseline 0.005 -30"><span class='ocrx_word' id='word_1_41' title='bbox 570 1055 680 1128; x_wconf 87' lang='lat' dir='ltr'><strong>rimus</strong></span> <span class='ocrx_word' id='word_1_42' title='bbox 699 1055 823 1128; x_wconf 89' lang='lat' dir='ltr'><strong>efficiat</strong></span> <span class='ocrx_word' id='word_1_43' title='bbox 846 1056 1020 1130; x_wconf 83' lang='lat' dir='ltr'><strong>certiores.</strong></span> <span class='ocrx_word' id='word_1_44' title='bbox 1041 1056 1194 1151; x_wconf 86' lang='lat' dir='ltr'><strong>ideoque</strong></span> <span class='ocrx_word' id='word_1_45' title='bbox 1208 1057 1424 1130; x_wconf 71' lang='lat' dir='ltr'><strong>universitati</strong></span> <span class='ocrx_word' id='word_1_46' title='bbox 1441 1067 1554 1130; x_wconf 84' lang='lat' dir='ltr'><strong>vestra</strong></span> <span class='ocrx_word' id='word_1_47' title='bbox 1572 1079 1633 1152; x_wconf 91' lang='lat' dir='ltr'><strong>par</strong></span> <span class='ocrx_word' id='word_1_48' title='bbox 1650 1059 1838 1154; x_wconf 74' lang='lat' dir='ltr'><strong>apostolica</strong></span> <span class='ocrx_word' id='word_1_49' title='bbox 1853 1059 1983 1156; x_wconf 85' lang='lat' dir='ltr'><strong>scripta</strong></span> 
     </span>
     <span class='ocr_line' id='line_1_9' title="bbox 572 1178 1981 1280; baseline 0.003 -28"><span class='ocrx_word' id='word_1_50' title='bbox 572 1179 779 1253; x_wconf 81' lang='lat' dir='ltr'>mandamus</span> <span class='ocrx_word' id='word_1_51' title='bbox 797 1189 832 1253; x_wconf 90' lang='lat' dir='ltr'><strong>et</strong></span> <span class='ocrx_word' id='word_1_52' title='bbox 849 1179 1001 1254; x_wconf 89' lang='lat' dir='ltr'><strong>districte</strong></span> <span class='ocrx_word' id='word_1_53' title='bbox 1017 1182 1228 1276; x_wconf 82' lang='lat' dir='ltr'><strong>precipimus</strong></span> <span class='ocrx_word' id='word_1_54' title='bbox 1240 1191 1412 1276; x_wconf 88' lang='lat' dir='ltr'><strong>quatenus</strong></span> <span class='ocrx_word' id='word_1_55' title='bbox 1428 1181 1620 1276; x_wconf 86' lang='lat' dir='ltr'><strong>pradictum</strong></span> <span class='ocrx_word' id='word_1_56' title='bbox 1634 1178 1785 1276; x_wconf 73' lang='lat' dir='ltr'><strong>legatum</strong></span> <span class='ocrx_word' id='word_1_57' title='bbox 1799 1184 1890 1256; x_wconf 87' lang='lat' dir='ltr'><strong>sicut</strong></span> <span class='ocrx_word' id='word_1_58' title='bbox 1902 1205 1981 1280; x_wconf 86' lang='lat' dir='ltr'><strong>por·</strong></span> 
     </span>
     <span class='ocr_line' id='line_1_10' title="bbox 571 1305 1979 1400; baseline 0 -22"><span class='ocrx_word' id='word_1_59' title='bbox 571 1325 691 1378; x_wconf 90' lang='lat' dir='ltr'><strong>sonam</strong></span> <span class='ocrx_word' id='word_1_60' title='bbox 709 1311 872 1392; x_wconf 87' lang='lat' dir='ltr'><strong>nostram,</strong></span> <span class='ocrx_word' id='word_1_61' title='bbox 891 1305 997 1377; x_wconf 93' lang='lat' dir='ltr'><strong>immo</strong></span> <span class='ocrx_word' id='word_1_62' title='bbox 1013 1327 1077 1378; x_wconf 91' lang='lat' dir='ltr'><strong>nos</strong></span> <span class='ocrx_word' id='word_1_63' title='bbox 1095 1305 1189 1400; x_wconf 91' lang='lat' dir='ltr'><strong>ipsos</strong></span> <span class='ocrx_word' id='word_1_64' title='bbox 1204 1305 1241 1376; x_wconf 95' lang='lat' dir='ltr'><strong>iu</strong></span> <span class='ocrx_word' id='word_1_65' title='bbox 1258 1327 1313 1396; x_wconf 90' lang='lat' dir='ltr'><strong>eo,</strong></span> <span class='ocrx_word' id='word_1_66' title='bbox 1332 1305 1539 1400; x_wconf 77' lang='lat' dir='ltr'><strong>recipientes</strong></span> <span class='ocrx_word' id='word_1_67' title='bbox 1554 1305 1729 1378; x_wconf 87' lang='lat' dir='ltr'><strong>humiliter</strong></span> <span class='ocrx_word' id='word_1_68' title='bbox 1741 1316 1777 1377; x_wconf 89' lang='lat' dir='ltr'><strong>et</strong></span> <span class='ocrx_word' id='word_1_69' title='bbox 1788 1306 1915 1380; x_wconf 86' lang='lat' dir='ltr'><strong>devota</strong></span> <span class='ocrx_word' id='word_1_70' title='bbox 1930 1317 1979 1398; x_wconf 91' lang='lat' dir='ltr'><strong>et,</strong></span> 
     </span>
     <span class='ocr_line' id='line_1_11' title="bbox 570 1428 1981 1525; baseline 0 -23"><span class='ocrx_word' id='word_1_71' title='bbox 570 1429 659 1502; x_wconf 92' lang='lat' dir='ltr'><strong>sicut</strong></span> <span class='ocrx_word' id='word_1_72' title='bbox 672 1428 838 1502; x_wconf 91' lang='lat' dir='ltr'><strong>condecet</strong></span> <span class='ocrx_word' id='word_1_73' title='bbox 851 1450 915 1502; x_wconf 88' lang='lat' dir='ltr'><strong>vos</strong></span> <span class='ocrx_word' id='word_1_74' title='bbox 932 1437 968 1502; x_wconf 87' lang='lat' dir='ltr'><strong>et</strong></span> <span class='ocrx_word' id='word_1_75' title='bbox 988 1429 1116 1524; x_wconf 91' lang='lat' dir='ltr'><strong>ipsum,</strong></span> <span class='ocrx_word' id='word_1_76' title='bbox 1137 1428 1324 1501; x_wconf 88' lang='lat' dir='ltr'><strong>honorilice</strong></span> <span class='ocrx_word' id='word_1_77' title='bbox 1346 1437 1610 1525; x_wconf 88' lang='lat' dir='ltr'><strong>pertractantes,</strong></span> <span class='ocrx_word' id='word_1_78' title='bbox 1626 1449 1696 1524; x_wconf 90' lang='lat' dir='ltr'><strong>que</strong></span> <span class='ocrx_word' id='word_1_79' title='bbox 1715 1429 1803 1502; x_wconf 85' lang='lat' dir='ltr'><strong>inter</strong></span> <span class='ocrx_word' id='word_1_80' title='bbox 1823 1451 1887 1502; x_wconf 88' lang='lat' dir='ltr'><strong>vos</strong></span> <span class='ocrx_word' id='word_1_81' title='bbox 1903 1452 1981 1502; x_wconf 89' lang='lat' dir='ltr'><strong>cor·</strong></span> 
     </span>
     <span class='ocr_line' id='line_1_12' title="bbox 569 1552 1984 1649; baseline 0.002 -24"><span class='ocrx_word' id='word_1_82' title='bbox 569 1553 714 1645; x_wconf 78' lang='lat' dir='ltr'><strong>riganda</strong></span> <span class='ocrx_word' id='word_1_83' title='bbox 735 1553 877 1626; x_wconf 80' lang='lat' dir='ltr'><strong>duxerit</strong></span> <span class='ocrx_word' id='word_1_84' title='bbox 897 1575 960 1626; x_wconf 90' lang='lat' dir='ltr'><strong>sau</strong></span> <span class='ocrx_word' id='word_1_85' title='bbox 979 1553 1084 1626; x_wconf 86' lang='lat' dir='ltr'><strong>ctiam</strong></span> <span class='ocrx_word' id='word_1_86' title='bbox 1102 1553 1285 1626; x_wconf 88' lang='lat' dir='ltr'><strong>statuenda</strong></span> <span class='ocrx_word' id='word_1_87' title='bbox 1302 1553 1477 1649; x_wconf 88' lang='lat' dir='ltr'><strong>recipiatis</strong></span> <span class='ocrx_word' id='word_1_88' title='bbox 1496 1552 1672 1626; x_wconf 87' lang='lat' dir='ltr'><strong>humiliter</strong></span> <span class='ocrx_word' id='word_1_89' title='bbox 1686 1562 1722 1626; x_wconf 89' lang='lat' dir='ltr'><strong>at</strong></span> <span class='ocrx_word' id='word_1_90' title='bbox 1739 1553 1984 1628; x_wconf 86' lang='lat' dir='ltr'><strong>inviolabiliter</strong></span> 
     </span>
     <span class='ocr_line' id='line_1_13' title="bbox 570 1675 1983 1773; baseline 0.001 -23"><span class='ocrx_word' id='word_1_91' title='bbox 570 1677 780 1768; x_wconf 87' lang='lat' dir='ltr'><strong>observatis,</strong></span> <span class='ocrx_word' id='word_1_92' title='bbox 805 1677 853 1748; x_wconf 90' lang='lat' dir='ltr'><strong>ita</strong></span> <span class='ocrx_word' id='word_1_93' title='bbox 876 1675 973 1770; x_wconf 90' lang='lat' dir='ltr'><strong>quod</strong></span> <span class='ocrx_word' id='word_1_94' title='bbox 996 1698 1059 1750; x_wconf 94' lang='lat' dir='ltr'><strong>nos</strong></span> <span class='ocrx_word' id='word_1_95' title='bbox 1084 1677 1146 1770; x_wconf 91' lang='lat' dir='ltr'><strong>qui</strong></span> <span class='ocrx_word' id='word_1_96' title='bbox 1169 1677 1334 1750; x_wconf 84' lang='lat' dir='ltr'><strong>honorem</strong></span> <span class='ocrx_word' id='word_1_97' title='bbox 1360 1679 1436 1771; x_wconf 88' lang='lat' dir='ltr'><strong>ejus</strong></span> <span class='ocrx_word' id='word_1_98' title='bbox 1460 1678 1635 1773; x_wconf 91' lang='lat' dir='ltr'><strong>proprium</strong></span> <span class='ocrx_word' id='word_1_99' title='bbox 1661 1688 1861 1772; x_wconf 89' lang='lat' dir='ltr'><strong>reputamus</strong></span> <span class='ocrx_word' id='word_1_100' title='bbox 1883 1680 1983 1754; x_wconf 85' lang='lat' dir='ltr'><strong>vobis</strong></span> 
     </span>
     <span class='ocr_line' id='line_1_14' title="bbox 572 1799 1984 1900; baseline 0.007 -30"><span class='ocrx_word' id='word_1_101' title='bbox 572 1813 712 1896; x_wconf 84' lang='lat' dir='ltr'><strong>propter</strong></span> <span class='ocrx_word' id='word_1_102' title='bbox 731 1821 812 1872; x_wconf 92' lang='lat' dir='ltr'><strong>eum</strong></span> <span class='ocrx_word' id='word_1_103' title='bbox 833 1799 1044 1896; x_wconf 85' lang='lat' dir='ltr'><strong>respondere</strong></span> <span class='ocrx_word' id='word_1_104' title='bbox 1059 1801 1192 1895; x_wconf 80' lang='lat' dir='ltr'><strong>gratius</strong></span> <span class='ocrx_word' id='word_1_105' title='bbox 1209 1801 1310 1896; x_wconf 89' lang='lat' dir='ltr'><strong>quasi</strong></span> <span class='ocrx_word' id='word_1_106' title='bbox 1328 1823 1374 1874; x_wconf 85' lang='lat' dir='ltr'><strong>ax</strong></span> <span class='ocrx_word' id='word_1_107' title='bbox 1392 1800 1511 1874; x_wconf 85' lang='lat' dir='ltr'><strong>debito</strong></span> <span class='ocrx_word' id='word_1_108' title='bbox 1527 1809 1724 1894; x_wconf 77' lang='lat' dir='ltr'><strong>teneamur3</strong></span> <span class='ocrx_word' id='word_1_109' title='bbox 1744 1802 1863 1876; x_wconf 88' lang='lat' dir='ltr'><strong>scituri</strong></span> <span class='ocrx_word' id='word_1_110' title='bbox 1886 1805 1984 1900; x_wconf 87' lang='lat' dir='ltr'><strong>quod</strong></span> 
     </span>
     <span class='ocr_line' id='line_1_15' title="bbox 574 1923 1979 2023; baseline 0.005 -27"><span class='ocrx_word' id='word_1_111' title='bbox 574 1923 779 1996; x_wconf 87' lang='lat' dir='ltr'><strong>sententiam</strong></span> <span class='ocrx_word' id='word_1_112' title='bbox 795 1945 902 2018; x_wconf 90' lang='lat' dir='ltr'><strong>quam</strong></span> <span class='ocrx_word' id='word_1_113' title='bbox 927 1924 964 1995; x_wconf 93' lang='lat' dir='ltr'><strong>iu</strong></span> <span class='ocrx_word' id='word_1_114' title='bbox 989 1933 1208 1999; x_wconf 89' lang='lat' dir='ltr'><strong>contumaces</strong></span> <span class='ocrx_word' id='word_1_115' title='bbox 1226 1926 1343 1998; x_wconf 87' lang='lat' dir='ltr'><strong>tulerit</strong></span> <span class='ocrx_word' id='word_1_116' title='bbox 1366 1935 1475 1999; x_wconf 90' lang='lat' dir='ltr'><strong>ratam</strong></span> <span class='ocrx_word' id='word_1_117' title='bbox 1497 1924 1706 2000; x_wconf 88' lang='lat' dir='ltr'><strong>habebimus</strong></span> <span class='ocrx_word' id='word_1_118' title='bbox 1732 1937 1767 2000; x_wconf 88' lang='lat' dir='ltr'><strong>et</strong></span> <span class='ocrx_word' id='word_1_119' title='bbox 1792 1928 1979 2023; x_wconf 85' lang='lat' dir='ltr'><strong>iaciamus,</strong></span> 
     </span>
     <span class='ocr_line' id='line_1_16' title="bbox 576 2049 1363 2141; baseline 0 -19"><span class='ocrx_word' id='word_1_120' title='bbox 576 2059 717 2122; x_wconf 83' lang='lat' dir='ltr'><strong>auctora</strong></span> <span class='ocrx_word' id='word_1_121' title='bbox 734 2049 895 2141; x_wconf 88' lang='lat' dir='ltr'><strong>Domino,</strong></span> <span class='ocrx_word' id='word_1_122' title='bbox 915 2049 1161 2123; x_wconf 87' lang='lat' dir='ltr'><strong>inviolabiliter</strong></span> <span class='ocrx_word' id='word_1_123' title='bbox 1172 2052 1363 2125; x_wconf 88' lang='lat' dir='ltr'><strong>observari.</strong></span> 
     </span>
    </p>

    <p class='ocr_par' dir='ltr' id='par_1_4' title="bbox 622 2173 1981 2274">
     <span class='ocr_line' id='line_1_17' title="bbox 622 2173 1981 2274; baseline 0.003 -28"><span class='ocrx_word' id='word_1_124' title='bbox 622 2175 748 2248; x_wconf 86' lang='lat' dir='ltr'><strong>Datum</strong></span> <span class='ocrx_word' id='word_1_125' title='bbox 762 2174 932 2262; x_wconf 87' lang='lat' dir='ltr'><strong>Laterani,</strong></span> <span class='ocrx_word' id='word_1_126' title='bbox 949 2175 1027 2247; x_wconf 88' lang='lat' dir='ltr'><strong>Xlll</strong></span> <span class='ocrx_word' id='word_1_127' title='bbox 1043 2173 1210 2248; x_wconf 86' lang='lat' dir='ltr'><strong>kalendas</strong></span> <span class='ocrx_word' id='word_1_128' title='bbox 1225 2175 1436 2263; x_wconf 84' lang='lat' dir='ltr'><strong>novembris,</strong></span> <span class='ocrx_word' id='word_1_129' title='bbox 1453 2196 1546 2250; x_wconf 89' lang='lat' dir='ltr'><strong>anno</strong></span> <span class='ocrx_word' id='word_1_130' title='bbox 1558 2173 1778 2272; x_wconf 82' lang='lat' dir='ltr'><strong>pontificatue</strong></span> <span class='ocrx_word' id='word_1_131' title='bbox 1790 2176 1929 2274; x_wconf 87' lang='lat' dir='ltr'><strong>primo(</strong></span> <span class='ocrx_word' id='word_1_132' title='bbox 1954 2177 1981 2273; x_wconf 87' lang='lat'><strong>).</strong></span> 
     </span>
    </p>
   </div>
   <div class='ocr_carea' id='block_1_4' title="bbox 574 2789 1989 3037">
    <p class='ocr_par' dir='ltr' id='par_1_5' title="bbox 574 2789 1989 3037">
     <span class='ocr_line' id='line_1_18' title="bbox 625 2789 1987 2908; baseline 0.001 -34"><span class='ocrx_word' id='word_1_133' title='bbox 625 2789 867 2876; x_wconf 86' lang='lat' dir='ltr'><strong>Innocentius</strong></span> <span class='ocrx_word' id='word_1_134' title='bbox 885 2816 985 2901; x_wconf 90' lang='lat' dir='ltr'><strong>papa</strong></span> <span class='ocrx_word' id='word_1_135' title='bbox 1004 2790 1245 2876; x_wconf 76' lang='lat' dir='ltr'><strong>Constantine</strong></span> <span class='ocrx_word' id='word_1_136' title='bbox 1260 2791 1521 2908; x_wconf 80' lang='lat' dir='ltr'><strong>Romanorum</strong></span> <span class='ocrx_word' id='word_1_137' title='bbox 1543 2789 1772 2900; x_wconf 79' lang='lat' dir='ltr'><strong>imperatrici</strong></span> <span class='ocrx_word' id='word_1_138' title='bbox 1792 2801 1830 2874; x_wconf 89' lang='lat' dir='ltr'><strong>et</strong></span> <span class='ocrx_word' id='word_1_139' title='bbox 1847 2791 1987 2876; x_wconf 88' lang='lat' dir='ltr'><strong>Fridc-</strong></span> 
     </span>
     <span class='ocr_line' id='line_1_19' title="bbox 574 2923 1989 3037; baseline -0.001 -29"><span class='ocrx_word' id='word_1_140' title='bbox 574 2927 653 3009; x_wconf 87' lang='lat' dir='ltr'><strong>rico</strong></span> <span class='ocrx_word' id='word_1_141' title='bbox 662 2927 744 3037; x_wconf 83' lang='lat' dir='ltr'><strong>regi</strong></span> <span class='ocrx_word' id='word_1_142' title='bbox 754 2926 918 3031; x_wconf 88' lang='lat' dir='ltr'><strong>Siciliae,</strong></span> <span class='ocrx_word' id='word_1_143' title='bbox 928 2925 1009 3008; x_wconf 90' lang='lat' dir='ltr'><strong>filio</strong></span> <span class='ocrx_word' id='word_1_144' title='bbox 1027 2923 1126 3034; x_wconf 90' lang='lat' dir='ltr'><strong>ejus,</strong></span> <span class='ocrx_word' id='word_1_145' title='bbox 1137 2925 1310 3008; x_wconf 88' lang='lat' dir='ltr'><strong>concedit</strong></span> <span class='ocrx_word' id='word_1_146' title='bbox 1323 2950 1486 3036; x_wconf 89' lang='lat' dir='ltr'><strong>regnum</strong></span> <span class='ocrx_word' id='word_1_147' title='bbox 1503 2923 1667 3030; x_wconf 80' lang='lat' dir='ltr'><strong>Siciliae,</strong></span> <span class='ocrx_word' id='word_1_148' title='bbox 1687 2925 1870 3008; x_wconf 89' lang='lat' dir='ltr'><strong>ducatum</strong></span> <span class='ocrx_word' id='word_1_149' title='bbox 1884 2925 1989 3034; x_wconf 73' lang='lat' dir='ltr'><strong>Apu·</strong></span> 
     </span>
    </p>
   </div>
   <div class='ocr_carea' id='block_1_5' title="bbox 575 3057 1993 3967">
    <p class='ocr_par' dir='ltr' id='par_1_6' title="bbox 575 3057 1993 3967">
     <span class='ocr_line' id='line_1_20' title="bbox 575 3057 1990 3169; baseline 0.001 -29"><span class='ocrx_word' id='word_1_150' title='bbox 575 3059 649 3141; x_wconf 89' lang='lat' dir='ltr'><strong>liae</strong></span> <span class='ocrx_word' id='word_1_151' title='bbox 663 3070 700 3141; x_wconf 88' lang='lat' dir='ltr'><strong>et</strong></span> <span class='ocrx_word' id='word_1_152' title='bbox 712 3059 966 3168; x_wconf 85' lang='lat' dir='ltr'><strong>principatum</strong></span> <span class='ocrx_word' id='word_1_153' title='bbox 987 3057 1138 3167; x_wconf 88' lang='lat' dir='ltr'><strong>Capuae</strong></span> <span class='ocrx_word' id='word_1_154' title='bbox 1162 3084 1251 3141; x_wconf 89' lang='lat' dir='ltr'><strong>oum</strong></span> <span class='ocrx_word' id='word_1_155' title='bbox 1268 3058 1503 3167; x_wconf 58' lang='lat' dir='ltr'><strong>momentis</strong></span> <span class='ocrx_word' id='word_1_156' title='bbox 1529 3057 1727 3165; x_wconf 91' lang='lat' dir='ltr'><strong>omnibus,</strong></span> <span class='ocrx_word' id='word_1_157' title='bbox 1751 3085 1821 3168; x_wconf 88' lang='lat' dir='ltr'><strong>pro</strong></span> <span class='ocrx_word' id='word_1_158' title='bbox 1848 3059 1990 3169; x_wconf 87' lang='lat' dir='ltr'><strong>quibus</strong></span> 
     </span>
     <span class='ocr_line' id='line_1_21' title="bbox 577 3189 1990 3301; baseline 0.001 -27"><span class='ocrx_word' id='word_1_159' title='bbox 577 3193 711 3274; x_wconf 90' lang='lat' dir='ltr'><strong>eadem</strong></span> <span class='ocrx_word' id='word_1_160' title='bbox 734 3192 953 3276; x_wconf 87' lang='lat' dir='ltr'><strong>Constantia</strong></span> <span class='ocrx_word' id='word_1_161' title='bbox 974 3217 1104 3274; x_wconf 86' lang='lat' dir='ltr'><strong>coram</strong></span> <span class='ocrx_word' id='word_1_162' title='bbox 1124 3191 1332 3276; x_wconf 85' lang='lat' dir='ltr'><strong>Octaviano</strong></span> <span class='ocrx_word' id='word_1_163' title='bbox 1347 3190 1513 3278; x_wconf 89' lang='lat' dir='ltr'><strong>Ostiensi</strong></span> <span class='ocrx_word' id='word_1_164' title='bbox 1537 3189 1733 3301; x_wconf 83' lang='lat' dir='ltr'><strong>episcope,</strong></span> <span class='ocrx_word' id='word_1_165' title='bbox 1750 3191 1990 3300; x_wconf 83' lang='lat' dir='ltr'><strong>Apostolicae</strong></span> 
     </span>
     <span class='ocr_line' id='line_1_22' title="bbox 579 3323 1990 3437; baseline -0.002 -27"><span class='ocrx_word' id='word_1_166' title='bbox 579 3325 686 3410; x_wconf 89' lang='lat' dir='ltr'><strong>Sedis</strong></span> <span class='ocrx_word' id='word_1_167' title='bbox 704 3327 850 3437; x_wconf 86' lang='lat' dir='ltr'><strong>legato,</strong></span> <span class='ocrx_word' id='word_1_168' title='bbox 871 3325 944 3408; x_wconf 92' lang='lat' dir='ltr'><strong>sibi</strong></span> <span class='ocrx_word' id='word_1_169' title='bbox 963 3335 1001 3408; x_wconf 88' lang='lat' dir='ltr'><strong>et</strong></span> <span class='ocrx_word' id='word_1_170' title='bbox 1013 3325 1192 3408; x_wconf 87' lang='lat' dir='ltr'><strong>ecclesiae</strong></span> <span class='ocrx_word' id='word_1_171' title='bbox 1208 3326 1402 3409; x_wconf 87' lang='lat' dir='ltr'><strong>Romanae</strong></span> <span class='ocrx_word' id='word_1_172' title='bbox 1419 3323 1639 3406; x_wconf 87' lang='lat' dir='ltr'><strong>fidelitatem</strong></span> <span class='ocrx_word' id='word_1_173' title='bbox 1652 3323 1806 3434; x_wconf 85' lang='lat' dir='ltr'><strong>juravit.</strong></span> <span class='ocrx_word' id='word_1_174' title='bbox 1825 3323 1990 3407; x_wconf 85' lang='lat' dir='ltr'><strong>Consum</strong></span> 
     </span>
     <span class='ocr_line' id='line_1_23' title="bbox 579 3457 1991 3570; baseline -0.001 -30"><span class='ocrx_word' id='word_1_175' title='bbox 579 3471 841 3544; x_wconf 87' lang='lat' dir='ltr'><strong>sexcentorum</strong></span> <span class='ocrx_word' id='word_1_176' title='bbox 863 3459 1117 3570; x_wconf 82' lang='lat' dir='ltr'><strong>squifatorum</strong></span> <span class='ocrx_word' id='word_1_177' title='bbox 1135 3459 1184 3542; x_wconf 89' lang='lat' dir='ltr'><strong>de</strong></span> <span class='ocrx_word' id='word_1_178' title='bbox 1201 3458 1340 3568; x_wconf 80' lang='lat' dir='ltr'><strong>Apulia</strong></span> <span class='ocrx_word' id='word_1_179' title='bbox 1357 3467 1395 3542; x_wconf 88' lang='lat' dir='ltr'><strong>ct</strong></span> <span class='ocrx_word' id='word_1_180' title='bbox 1413 3457 1608 3566; x_wconf 86' lang='lat' dir='ltr'><strong>Calabria,</strong></span> <span class='ocrx_word' id='word_1_181' title='bbox 1624 3459 1991 3568; x_wconf 84' lang='lat' dir='ltr'><strong>quadringentorum</strong></span> 
     </span>
     <span class='ocr_line' id='line_1_24' title="bbox 580 3591 1993 3702; baseline -0.001 -28"><span class='ocrx_word' id='word_1_182' title='bbox 580 3591 629 3674; x_wconf 88' lang='lat' dir='ltr'><strong>de</strong></span> <span class='ocrx_word' id='word_1_183' title='bbox 645 3591 784 3676; x_wconf 85' lang='lat' dir='ltr'><strong>Mareia</strong></span> <span class='ocrx_word' id='word_1_184' title='bbox 802 3592 912 3674; x_wconf 91' lang='lat' dir='ltr'><strong>annis</strong></span> <span class='ocrx_word' id='word_1_185' title='bbox 926 3591 1087 3702; x_wconf 87' lang='lat' dir='ltr'><strong>singulis</strong></span> <span class='ocrx_word' id='word_1_186' title='bbox 1100 3591 1395 3702; x_wconf 87' lang='lat' dir='ltr'><strong>persolvendum</strong></span> <span class='ocrx_word' id='word_1_187' title='bbox 1414 3592 1563 3698; x_wconf 69' lang='lat' dir='ltr'><strong>statuit,</strong></span> <span class='ocrx_word' id='word_1_188' title='bbox 1580 3591 1855 3702; x_wconf 87' lang='lat' dir='ltr'><strong>electionesque</strong></span> <span class='ocrx_word' id='word_1_189' title='bbox 1871 3616 1993 3673; x_wconf 91' lang='lat' dir='ltr'><strong>cano-</strong></span> 
     </span>
     <span class='ocr_line' id='line_1_25' title="bbox 580 3721 1993 3835; baseline 0 -31"><span class='ocrx_word' id='word_1_190' title='bbox 580 3723 665 3806; x_wconf 89' lang='lat' dir='ltr'><strong>nica</strong></span> <span class='ocrx_word' id='word_1_191' title='bbox 686 3724 767 3808; x_wconf 88' lang='lat' dir='ltr'><strong>fieri</strong></span> <span class='ocrx_word' id='word_1_192' title='bbox 785 3724 912 3835; x_wconf 86' lang='lat' dir='ltr'><strong>jubet,</strong></span> <span class='ocrx_word' id='word_1_193' title='bbox 934 3751 1099 3834; x_wconf 88' lang='lat' dir='ltr'><strong>quarum</strong></span> <span class='ocrx_word' id='word_1_194' title='bbox 1120 3723 1285 3806; x_wconf 86' lang='lat' dir='ltr'><strong>formam</strong></span> <span class='ocrx_word' id='word_1_195' title='bbox 1307 3724 1347 3805; x_wconf 90' lang='lat' dir='ltr'><strong>in</strong></span> <span class='ocrx_word' id='word_1_196' title='bbox 1375 3723 1493 3806; x_wconf 87' lang='lat' dir='ltr'><strong>altero</strong></span> <span class='ocrx_word' id='word_1_197' title='bbox 1518 3721 1716 3834; x_wconf 86' lang='lat' dir='ltr'><strong>privilegio</strong></span> <span class='ocrx_word' id='word_1_198' title='bbox 1741 3751 1809 3834; x_wconf 87' lang='lat' dir='ltr'><strong>per</strong></span> <span class='ocrx_word' id='word_1_199' title='bbox 1829 3750 1993 3834; x_wconf 87' lang='lat' dir='ltr'><strong>reguum</strong></span> 
     </span>
     <span class='ocr_line' id='line_1_26' title="bbox 582 3857 1165 3967; baseline -0.005 -27"><span class='ocrx_word' id='word_1_200' title='bbox 582 3857 730 3941; x_wconf 88' lang='lat' dir='ltr'><strong>Siciliae</strong></span> <span class='ocrx_word' id='word_1_201' title='bbox 756 3857 973 3942; x_wconf 88' lang='lat' dir='ltr'><strong>habendam</strong></span> <span class='ocrx_word' id='word_1_202' title='bbox 991 3857 1165 3967; x_wconf 86' lang='lat' dir='ltr'><strong>explicat.</strong></span> 
     </span>
    </p>
   </div>
   <div class='ocr_carea' id='block_1_6' title="bbox 663 4069 1993 4366">
    <p class='ocr_par' dir='ltr' id='par_1_7' title="bbox 663 4069 1993 4366">
     <span class='ocr_line' id='line_1_27' title="bbox 663 4069 1993 4154; baseline -0.002 -19"><span class='ocrx_word' id='word_1_203' title='bbox 663 4075 789 4152; x_wconf 76' lang='lat' dir='ltr'><strong>marra.</strong></span> <span class='ocrx_word' id='word_1_204' title='bbox 800 4077 917 4151; x_wconf 73' lang='lat' dir='ltr'><strong>arma,</strong></span> <span class='ocrx_word' id='word_1_205' title='bbox 935 4071 1341 4154; x_wconf 76' lang='lat' dir='ltr'><strong>eod.1mt.dtptom.‚t.1‚p.</strong></span> <span class='ocrx_word' id='word_1_206' title='bbox 1355 4075 1675 4145; x_wconf 71' lang='lat' dir='ltr'><strong>aenaea-unum</strong></span> <span class='ocrx_word' id='word_1_207' title='bbox 1693 4069 1817 4153; x_wconf 70' lang='lat' dir='ltr'><strong>aptat</strong></span> <span class='ocrx_word' id='word_1_208' title='bbox 1827 4074 1926 4134; x_wconf 69' lang='lat' dir='ltr'><strong>reae.</strong></span> <span class='ocrx_word' id='word_1_209' title='bbox 1937 4071 1993 4148; x_wconf 88' lang='lat' dir='ltr'><strong>ru,</strong></span> 
     </span>
     <span class='ocr_line' id='line_1_28' title="bbox 714 4177 1993 4260; baseline 0.002 -18"><span class='ocrx_word' id='word_1_210' title='bbox 714 4181 768 4243; x_wconf 88' lang='lat' dir='ltr'><strong>lib.</strong></span> <span class='ocrx_word' id='word_1_211' title='bbox 784 4183 860 4260; x_wconf 87' lang='lat' dir='ltr'><strong>1,p.</strong></span> <span class='ocrx_word' id='word_1_212' title='bbox 876 4189 952 4258; x_wconf 76' lang='lat' dir='ltr'><strong>tlt,</strong></span> <span class='ocrx_word' id='word_1_213' title='bbox 968 4184 1055 4260; x_wconf 87' lang='lat' dir='ltr'><strong>epist.</strong></span> <span class='ocrx_word' id='word_1_214' title='bbox 1071 4179 1708 4258; x_wconf 63' lang='lat' dir='ltr'><strong>410411.-Pnn1,stct1.eaa.,dtaert</strong></span> <span class='ocrx_word' id='word_1_215' title='bbox 1726 4179 1762 4241; x_wconf 80' lang='lat' dir='ltr'><strong>dc</strong></span> <span class='ocrx_word' id='word_1_216' title='bbox 1773 4177 1852 4242; x_wconf 72' lang='lat' dir='ltr'><strong>elect.</strong></span> <span class='ocrx_word' id='word_1_217' title='bbox 1861 4177 1993 4260; x_wconf 63' lang='lat' dir='ltr'><strong>monol.</strong></span> 
     </span>
     <span class='ocr_line' id='line_1_29' title="bbox 702 4285 1025 4366; baseline -0.003 -16"><span class='ocrx_word' id='word_1_218' title='bbox 702 4285 800 4364; x_wconf 72' lang='lat' dir='ltr'><strong>soit„</strong></span> <span class='ocrx_word' id='word_1_219' title='bbox 812 4294 835 4349; x_wconf 90' lang='lat' dir='ltr'><strong>t.</strong></span> <span class='ocrx_word' id='word_1_220' title='bbox 851 4289 882 4362; x_wconf 89' lang='lat'><strong>1,</strong></span> <span class='ocrx_word' id='word_1_221' title='bbox 896 4305 927 4366; x_wconf 90' lang='lat' dir='ltr'><strong>p.</strong></span> <span class='ocrx_word' id='word_1_222' title='bbox 947 4289 1025 4366; x_wconf 83' lang='lat' dir='ltr'><strong>too.)</strong></span> 
     </span>
    </p>
   </div>
   <div class='ocr_carea' id='block_1_7' title="bbox 586 4551 1996 4754">
    <p class='ocr_par' dir='ltr' id='par_1_8' title="bbox 586 4551 1996 4754">
     <span class='ocr_line' id='line_1_30' title="bbox 621 4551 1996 4656; baseline -0.001 -20"><span class='ocrx_word' id='word_1_223' title='bbox 621 4581 659 4654; x_wconf 77' lang='lat' dir='ltr'><strong>tl)</strong></span> <span class='ocrx_word' id='word_1_224' title='bbox 678 4583 733 4638; x_wconf 87' lang='lat' dir='ltr'><strong>llas</strong></span> <span class='ocrx_word' id='word_1_225' title='bbox 752 4588 830 4640; x_wconf 84' lang='lat' dir='ltr'><strong>notas</strong></span> <span class='ocrx_word' id='word_1_226' title='bbox 849 4598 919 4656; x_wconf 86' lang='lat' dir='ltr'><strong>quae</strong></span> <span class='ocrx_word' id='word_1_227' title='bbox 938 4582 967 4639; x_wconf 92' lang='lat' dir='ltr'><strong>in</strong></span> <span class='ocrx_word' id='word_1_228' title='bbox 987 4581 1096 4640; x_wconf 85' lang='lat' dir='ltr'><strong>Baluzio</strong></span> <span class='ocrx_word' id='word_1_229' title='bbox 1114 4551 1214 4640; x_wconf 74' lang='lat' dir='ltr'><strong>desunt</strong></span> <span class='ocrx_word' id='word_1_230' title='bbox 1230 4580 1352 4638; x_wconf 87' lang='lat' dir='ltr'><strong>addimus</strong></span> <span class='ocrx_word' id='word_1_231' title='bbox 1362 4595 1396 4638; x_wconf 86' lang='lat' dir='ltr'><strong>ax</strong></span> <span class='ocrx_word' id='word_1_232' title='bbox 1410 4579 1484 4654; x_wconf 81' lang='lat' dir='ltr'><strong>litto,</strong></span> <span class='ocrx_word' id='word_1_233' title='bbox 1495 4577 1600 4637; x_wconf 80' lang='lat' dir='ltr'><strong>Annali</strong></span> <span class='ocrx_word' id='word_1_234' title='bbox 1611 4581 1674 4636; x_wconf 78' lang='lat' dir='ltr'><strong>crit.</strong></span> <span class='ocrx_word' id='word_1_235' title='bbox 1687 4577 1799 4654; x_wconf 79' lang='lat' dir='ltr'><strong>diplom.</strong></span> <span class='ocrx_word' id='word_1_236' title='bbox 1813 4577 1857 4636; x_wconf 74' lang='lat' dir='ltr'><strong>dat</strong></span> <span class='ocrx_word' id='word_1_237' title='bbox 1871 4595 1951 4652; x_wconf 79' lang='lat' dir='ltr'><strong>ropac</strong></span> <span class='ocrx_word' id='word_1_238' title='bbox 1965 4575 1996 4634; x_wconf 76' lang='lat' dir='ltr'><strong>ct</strong></span> 
     </span>
     <span class='ocr_line' id='line_1_31' title="bbox 586 4677 930 4754; baseline 0.003 -17"><span class='ocrx_word' id='word_1_239' title='bbox 586 4677 704 4752; x_wconf 81' lang='lat' dir='ltr'><strong>Ncpola&#39;,</strong></span> <span class='ocrx_word' id='word_1_240' title='bbox 719 4683 739 4735; x_wconf 88' lang='lat' dir='ltr'><strong>t.</strong></span> <span class='ocrx_word' id='word_1_241' title='bbox 753 4679 808 4753; x_wconf 84' lang='lat' dir='ltr'><strong>Xl,</strong></span> <span class='ocrx_word' id='word_1_242' title='bbox 822 4695 851 4754; x_wconf 92' lang='lat' dir='ltr'><strong>p.</strong></span> <span class='ocrx_word' id='word_1_243' title='bbox 868 4683 930 4740; x_wconf 73' lang='grc'><strong>423.</strong></span> 
     </span>
    </p>
   </div>
   <div class='ocr_carea' id='block_1_8' title="bbox 0 0 2246 5940">
    <p class='ocr_par' dir='ltr' id='par_1_9' title="bbox 0 0 2246 5940">
     <span class='ocr_line' id='line_1_32' title="bbox 0 0 2246 5940; baseline 0 0"><span class='ocrx_word' id='word_1_244' title='bbox 0 0 2246 5940; x_wconf 95' lang='lat' dir='ltr'><strong> </strong></span> 
     </span>
    </p>
   </div>
  </div>
 </body>
</html>
