4334 5980
243 602 340 661 lunrcr.
358 595 418 683 14]
692 599 891 662 HISTORIA
915 597 1209 662 utsuottartctt
1602 603 1660 664 18⁷

243 735 411 830 regimine
449 743 490 806 ut
519 733 704 807 subsistere
738 737 854 810 valeat
889 759 1026 811 sumere
1060 733 1234 810 desideret
1270 734 1542 826 incrementum,
1572 739 1655 832 quia

243 869 384 956 propter
403 857 569 931 malitiam
593 859 757 954 temporis
781 859 882 933 bonis
907 860 980 933 suis
999 859 1136 956 penitus
1160 859 1336 932 annullata
1358 859 1505 931 multum
1524 859 1657 933 laborat

244 981 424 1054 insolentia
442 981 673 1078 paupertatis,
695 991 840 1077 cogente
858 984 1039 1056 clementia
1056 983 1213 1078 cogimur
1230 991 1271 1055 nt
1290 991 1435 1078 urgente
1454 983 1657 1058 necessitate

244 1105 446 1180 clementius
472 1103 700 1202 provocemur
724 1106 837 1180 eidem
869 1118 1084 1180 sacrosancte
1111 1107 1350 1180 Panormitano
1375 1107 1518 1180 ecclesie
1542 1119 1657 1182 nostre

243 1230 382 1326 pietatis
393 1229 572 1304 dexteram
583 1229 813 1324 [extendere1.
830 1229 887 1306 Ad
902 1242 997 1305 tuam
1011 1232 1128 1328 itaque
1140 1231 1313 1327 petitionis
1326 1231 1535 1324 instantiam,
1550 1233 1656 1305 Parisi

245 1355 453 1428 venerabilis
471 1355 711 1430 Panormitane
738 1357 861 1449 electe,
888 1357 1012 1430 dilecte
1030 1357 1204 1430 familiaris
1230 1367 1264 1429 et
1289 1355 1404 1429 fidelis
1422 1364 1548 1448 noster,
1570 1379 1657 1430 con-

245 1479 467 1574 templatione
477 1477 673 1552 devotionis
689 1489 748 1552 tue
760 1489 796 1552 et
810 1479 924 1554 fidelis
938 1480 1120 1554 sedulitate
1134 1479 1265 1554 servitii
1279 1479 1376 1574 quod
1390 1480 1489 1553 uobis
1502 1489 1538 1554 et
1550 1502 1658 1576 regno

245 1612 361 1675 nostro
379 1603 546 1676 exhibere
560 1605 688 1677 curasti
705 1611 739 1676 et
754 1603 901 1678 exhibes
917 1605 1145 1696 incessanter;
1167 1605 1250 1699 quia
1267 1604 1371 1677 etiam
1393 1603 1458 1676 hec
1476 1614 1511 1676 et
1529 1607 1657 1697 majora

245 1735 362 1800 nostra
374 1725 424 1823 (a)
442 1725 677 1800 munificentia
695 1737 809 1801 nostre
826 1729 935 1824 gratie
952 1737 987 1802 et
1006 1729 1041 1801 vi
1062 1729 1228 1824 presentis
1246 1727 1417 1824 privilegii
1440 1731 1657 1822 prerogativa

246 1850 377 1944 leteris,
400 1851 623 1924 concedimus
649 1860 684 1924 et
707 1850 951 1924 confirmamus
972 1851 1034 1924 tibi
1058 1861 1093 1924 et
1114 1850 1228 1924 eidem
1253 1851 1489 1924 Panormitano
1516 1853 1659 1926 ecclesie

246 1973 399 2048 decimas
418 1975 572 2050 omnium
592 1977 826 2050 tuunariorum
846 1987 1038 2050 nostrorum
1058 1977 1233 2068 Panormi,
1253 1975 1298 2048 de
1319 1975 1447 2070 quibus
1459 1976 1561 2068 juxta
1583 1979 1659 2072 pri·

244 2101 415 2194 vilegium
443 2099 517 2174 divi
541 2102 681 2196 angusti
707 2101 883 2196 quondam
913 2102 1020 2197 patris
1045 2101 1153 2172 nostri
1184 2099 1365 2173 recolende
1391 2102 1556 2174 memorie
1582 2102 1657 2198 ipsa

244 2224 486 2298 Panormitaua
512 2225 656 2299 ecclesia
684 2223 837 2299 decimas
863 2225 1017 2320 recipere
1043 2224 1236 2297 cousuevit.
1265 2225 1426 2297 Voleutes
1454 2234 1488 2298 et
1509 2228 1658 2321 presenti

245 2349 426 2444 privilegio
447 2347 589 2422 firmiter
608 2358 795 2422 statuentes
820 2359 859 2420 ut
878 2347 923 2421 de
948 2358 1061 2421 cetero
1083 2347 1245 2421 extractis
1267 2348 1484 2422 solummodo
1505 2349 1550 2424 de
1575 2351 1659 2446 ipsis

246 2473 412 2546 tonuariis
429 2482 596 2568 catapano
618 2485 653 2548 et
671 2475 859 2547 mannariis
878 2474 1086 2564 constitutis,
1109 2473 1153 2546 de
1172 2471 1320 2545 residuis
1340 2471 1493 2546 decimas
1509 2474 1660 2569 integras

246 2617 316 2670 uon
335 2597 371 2668 iu
385 2597 533 2694 pecunia
550 2598 641 2671 sicut
658 2598 843 2688 hacteuus,
860 2597 923 2672 sed
941 2597 977 2669 iu
996 2597 1149 2692 piscibus
1167 2596 1329 2669 videlicet
1346 2595 1391 2669 de
1409 2599 1543 2693 maguis
1562 2609 1596 2672 et
1614 2599 1660 2673 de

245 2720 363 2815 parvis
384 2719 458 2815 ipsa
476 2721 717 2795 Panormitano
737 2721 881 2794 ecclesia
900 2743 962 2817 per
985 2720 1148 2793 officiales
1166 2741 1248 2792 suos
1269 2719 1315 2791 ad
1334 2719 1486 2816 ipsorum
1512 2721 1658 2816 piscium

247 2843 439 2918 custodiam
475 2844 658 2946 deputatos
687 2844 855 2941 percipiat
886 2853 922 2917 et
951 2843 1077 2917 habeat
1105 2844 1238 2938 absque
1263 2843 1420 2917 molestia
1445 2853 1478 2917 et
1507 2845 1661 2940 qualibet

247 2966 464 3057 difficultate,
486 2969 665 3065 presertim
687 2991 767 3042 cum
793 2968 869 3065 ipsa
897 2967 1033 3040 decima
1057 2967 1203 3064 piscium
1228 2969 1257 3040 si
1285 2967 1398 3042 eidem
1420 2969 1661 3045 Panormitano

247 3091 389 3165 ecclesie
414 3092 450 3164 iu
473 3094 605 3167 fructus
633 3094 772 3187 majoris
798 3093 1012 3166 liberalitatis
1033 3101 1149 3166 nostre
1171 3115 1251 3164 cum
1274 3094 1479 3168 celsitudine
1502 3097 1662 3198 provenit

247 3215 293 3289 ad
310 3225 549 3312 augmentum,
569 3239 633 3290 uec
644 3218 714 3312 juri
735 3227 851 3292 nostro
864 3219 988 3314 poterit
1006 3218 1052 3290 de
1070 3218 1154 3314 ipsis
1171 3218 1324 3314 piscibus
1338 3219 1472 3314 aliquid
1489 3219 1656 3317 deperire.

247 3338 304 3413 Ad
327 3340 433 3434 hujus
455 3352 572 3414 autem
596 3343 828 3416 concessionis
851 3351 886 3416 et
904 3341 1171 3416 confirmationis
1192 3352 1306 3416 nostre
1328 3343 1529 3417 memoriam
1551 3353 1587 3418 et
1606 3347 1661 3418 in·

247 3463 409 3538 violabile
433 3465 707 3557 firmamentum,
728 3488 871 3564 presens
895 3467 1113 3562 privilegium
1136 3489 1198 3561 per
1220 3489 1344 3539 manus
1368 3466 1518 3564 Aldoyni
1539 3471 1663 3543 notarii

246 3597 281 3660 at
301 3588 413 3662 fidelis
431 3593 537 3664 nostri
554 3592 658 3664 scribi
676 3603 711 3666 et
726 3592 913 3685 majestatis
930 3600 1046 3664 nostre
1059 3591 1173 3686 sigillo
1181 3593 1351 3684 jussimus
1367 3592 1539 3688 insigniri,
1555 3617 1660 3686 anno,

248 3735 365 3788 mensa
382 3725 417 3788 et
434 3715 622 3791 indictione
638 3719 852 3814 subscriptis.
1492 3729 1493 3733 ’

295 3839 420 3912 Datum
439 3839 475 3912 iu
490 3841 629 3915 civitate
644 3843 816 3935 Messana,
836 3863 928 3916 auno
943 3841 1115 3916 dominice
1129 3841 1377 3915 incarnationis
1392 3841 1575 3918 millesimo
1593 3845 1664 3918 du-

248 3963 434 4036 centesimo
457 3965 661 4059 undecimo,
683 3989 802 4041 mense
822 3968 958 4063 aprilis,
978 3967 1057 4040 XlV
1076 3966 1294 4057 indictionis,
1314 3966 1413 4060 regni
1429 3989 1512 4041 vero
1531 3967 1663 4041 domini

248 4085 354 4156 nostri
375 4085 540 4160 Friderici
565 4090 626 4163 Dei
652 4091 762 4186 gratia
784 4091 1002 4166 invictissimi
1028 4091 1120 4186 regis
1145 4089 1281 4184 Sicilie,
1307 4092 1455 4166 ducatus
1476 4090 1601 4187 Apulis
1627 4103 1663 4166 et

247 4207 461 4306 principatus
478 4211 595 4309 Capua
614 4236 706 4288 anno
724 4215 802 4290 XIV
822 4213 893 4315 (l),
915 4215 1069 4290 feliciter.
1089 4213 1213 4289 Amen.

287 4373 328 4452 (a)
346 4375 461 4456 Locus,
474 4381 652 4458 utvidetur,
667 4384 803 4448 mutilus.

284 4613 321 4686 (t)
341 4613 399 4685 Sic,
417 4614 480 4674 licet
499 4632 554 4676 non
572 4625 637 4678 aute
654 4620 789 4680 decimum
805 4621 950 4696 septimum
966 4623 1038 4682 diem
1058 4623 1159 4684 mensis
1177 4625 1240 4683 maii
1258 4625 1424 4700 insequentis
1442 4627 1553 4704 incipiat
1571 4645 1660 4690 annus

248 4710 323 4784 regri
337 4717 448 4786 quarm
461 4713 592 4776 decimus.
