4434 5942
538 539 577 602 12
1039 545 1255 606 lllllllElllCl
1279 545 1455 608 SECUNlll
1760 543 1841 624 [Ara.
1860 547 1945 610 llas

423 661 425 666 ’
536 673 670 756 Latina
687 673 888 758 confirmat
909 676 1106 786 privilegia
1123 703 1146 758 a
1162 675 1513 786 praedecessoribus
1540 679 1619 759 suis
1642 686 1681 760 et
1705 677 1754 761 ab
1779 679 1949 789 impera-

535 815 618 889 tore
634 805 715 888 viro
734 833 805 889 suo
822 807 965 890 eisdem
988 809 1154 916 indulta,
1174 836 1221 892 ex
1248 809 1388 919 quihus
1408 809 1498 919 jura
1514 811 1717 920 praecipua
1733 821 1772 895 et
1788 837 1947 922 posses·-

536 939 662 1022 siones
678 940 805 1023 variae
821 941 1030 1050 specialiter
1045 952 1084 1025 et
1100 943 1325 1025 nominatim
1344 943 1622 1052 exprimuntur.

614 1154 704 1230 (Edit.
719 1171 765 1232 ap.
781 1157 919 1229 Prason,
943 1153 1026 1217 sort.
1047 1173 1148 1229 rama,
1164 1164 1238 1218 tom.
1259 1158 1301 1230 Il,
1315 1159 1481 1236 supplem.¹
1499 1176 1531 1236 p.
1554 1167 1650 1238 1²46,
1668 1175 1706 1220 ex
1723 1159 1891 1238 caplbrevto
1909 1161 1945 1224 L.

654 1259 784 1322 Barberll
798 1267 828 1322 et
842 1280 880 1322 ex
892 1263 1036 1342 libroreg.
1050 1263 1217 1343 monnreh,
1230 1263 1253 1325 1.
1270 1273 1344 1340 203;
1360 1271 1514 1326 memorat.
1529 1263 1648 1342 Ibidem,
1664 1282 1695 1344 p.
1715 1263 1817 1346 1132.)

582 1455 620 1526 ln
633 1454 770 1527 nomine
782 1455 844 1526 Dei
859 1456 1046 1528 Salvatoris
1062 1457 1169 1528 nostri
1189 1458 1271 1529 lesu
1290 1455 1424 1528 Christi.
1446 1455 1567 1528 Arnen.
1581 1437 1778 1528 Constantia
1788 1455 1851 1528 Dei
1866 1477 1949 1549 gra·

533 1579 581 1651 tia
596 1580 826 1652 Romanorum
843 1581 1046 1675 imperatrix
1063 1590 1097 1654 et
1110 1580 1225 1652 Sicilie
1244 1581 1379 1672 regina,
1399 1601 1469 1652 una
1485 1601 1565 1652 cum
1581 1579 1781 1653 charissimo
1798 1578 1948 1652 filiosuo

533 1704 655 1777 eadem
679 1705 788 1798 gratia
811 1727 893 1800 rege
920 1705 1055 1796 Sicilie,
1084 1705 1232 1777 ducatus
1256 1704 1382 1799 Apulia
1411 1713 1445 1778 et
1473 1705 1686 1800 principatus
1703 1703 1831 1800 Capua.
1852 1703 1949 1775 Sicut

534 1837 707 1922 sceptrum
735 1829 841 1900 nostri
864 1829 1039 1923 regiminis
1061 1850 1082 1901 a
1107 1827 1226 1902 divine
1245 1829 1453 1924 protectione
1476 1828 1655 1903 clementie
1676 1828 1849 1901 credimus
1867 1827 1949 1900 seli-

536 1950 622 2022 oiter
639 1951 785 2045 protegi,
799 1974 978 2047 speramus
990 1961 1155 2048 perpetuo
1173 1963 1208 2025 et
1225 1951 1433 2042 confirmari,
1448 1953 1498 2026 sic
1514 1953 1606 2024 illius
1624 1951 1750 2023 intuitu
1769 1971 1947 2046 perquem

536 2095 636 2168 reges
651 2085 798 2168 regnant
813 2074 1034 2148 dominantur
1048 2086 1082 2149 et
1098 2076 1281 2172 principes,
1301 2086 1415 2150 nostra
1433 2076 1536 2150 debet
1552 2075 1733 2148 clementia
1746 2075 1825 2166 jura
1841 2084 1876 2147 ot
1893 2082 1948 2147 to-

536 2198 689 2272 nimenta
705 2200 822 2272 omnia
840 2200 926 2273 locis
943 2200 1112 2294 religiosis
1134 2201 1268 2274 indulta
1290 2200 1335 2274 de
1352 2211 1467 2275 nostre
1487 2200 1721 2273 munificentie
1737 2199 1847 2294 gratia
1864 2221 1947 2273 con·

537 2321 672 2396 firmare
687 2333 722 2397 et
734 2325 800 2397 snb
819 2324 926 2398 nostri
940 2335 1055 2397 tenere
1074 2326 1234 2397 culminis
1250 2325 1457 2421 pmtectione
1475 2323 1705 2398 securafline
1722 2323 1884 2418 estquod
1902 2323 1948 2398 ad

535 2457 684 2520 nostram
704 2449 834 2522 curiam
852 2449 995 2522 ueniens
1011 2451 1115 2521 frater
1134 2450 1300 2522 Robertns
1320 2450 1510 2522 monachus
1536 2451 1658 2521 Sancte
1679 2447 1787 2520 Maria
1814 2445 1859 2520 de
1885 2449 1947 2520 ln·

535 2573 620 2660 tina,
631 2595 700 2666 que
714 2583 766 2645 ost
779 2574 815 2644 in
829 2575 1029 2666 Jerusalem,
1039 2551 1109 2668 'pro
1119 2585 1215 2670 parte
1226 2573 1417 2648 Facundini
1434 2571 1641 2646 venerabilis
1654 2571 1948 2644 abbatisactotius

535 2705 726 2770 conventus
750 2699 946 2772 monasterii
964 2696 1009 2772 de
1025 2699 1144 2771 [atina
1161 2697 1370 2794 supplicavit
1387 2698 1551 2772 attentius
1569 2693 1764 2770 celsitudini
1783 2673 1948 2768 uostre'ut

533 2818 813 2895 confirmaremus
829 2822 897 2918 ipsi
913 2823 1120 2896 monasterio
1138 2819 1355 2918 privilegium
1382 2823 1514 2897 domini
1537 2821 1754 2918 imperatoris
1772 2821 1948 2916 quondam

534 2945 701 3018 carissimi
716 2945 782 3018 viri
795 2947 899 3019 nostri
911 2947 978 3020 sibi
995 2948 1183 3022 indultum.
1201 2945 1307 3041 Cujus
1323 2957 1441 3021 tenore
1457 2945 1693 3044 inspectett),
1709 2947 1948 3040 cognoscimus

535 3068 632 3164 quod
654 3070 843 3164 jamdictus
867 3072 1028 3146 dominus
1048 3075 1234 3170 imperator
1250 3074 1383 3169 prelato
1406 3072 1524 3146 abbati
1546 3081 1582 3145 et
1607 3071 1770 3146 tratribus
1791 3071 1948 3162 ejusdem

535 3195 732 3267 monasterii
751 3197 874 3268 Sancte
898 3198 1004 3270 Mario
1029 3197 1074 3271 de
1099 3199 1218 3271 Latina
1241 3198 1387 3292 singulis
1412 3197 1513 3271 annis
1537 3195 1704 3272 ducentas
1728 3197 1854 3270 salmas
1874 3195 1948 3268 tru-

535 3320 640 3392 menti
656 3341 910 3416 aquooumque
923 3332 1023 3417 portu
1039 3321 1166 3414 Sicilie,
1183 3323 1365 3419 Syracusis
1379 3324 1435 3396 vol
1452 3321 1578 3396 Catane
1595 3321 1651 3393 vel
1670 3321 1840 3412 Messana,
1861 3339 1949 3392 eon-

534 3445 673 3517 cesserit
690 3446 798 3518 libere
823 3455 858 3518 et
880 3447 954 3520 sine
978 3447 1095 3542 aliquo
1116 3448 1281 3542 portatico
1298 3449 1355 3521 vel
1374 3447 1553 3544 plateatico
1569 3444 1802 3518 extrahendas
1816 3453 1851 3516 et
1867 3443 1947 3514 mit·

534 3569 658 3642 tendas
671 3572 758 3643 ultra
770 3593 864 3643 mare
876 3594 938 3666 pro
946 3593 1065 3645 eorum
1079 3573 1372 3646 substentamento
1384 3571 1445 3669 (c),
1457 3582 1492 3644 et
1504 3571 1600 3666 quod
1609 3591 1729 3642 omnes
1737 3567 1944 3654 obedientie,

534 3693 714 3784 homines,
736 3696 991 3788 possessiones,
1014 3697 1140 3769 casalia
1168 3707 1203 3769 et
1229 3697 1415 3769 tenimenta
1446 3695 1555 3791 ipsius
1588 3693 1785 3766 monasterii
1815 3712 1949 3788 semper

535 3817 662 3888 sintin
687 3817 848 3888 manibus
871 3819 1014 3911 nostris,
1046 3820 1137 3892 siout
1167 3827 1423 3892 consueverunt
1439 3815 1650 3914 temporibus
1668 3813 1948 3910 predecessorum

577 3989 618 4070 (a)
640 3991 677 4051 In
689 3992 843 4070 prtvllegto
867 3993 987 4054 Henrici
1003 4012 1011 4054 ι
1027 3991 1180 4056 mittendas
1192 3991 1235 4055 cd
1246 4001 1353 4058 totam
1366 3991 1648 4058 Htcrcmlimitcnam
1657 4009 1713 4074 pro
1725 3995 1949 4054 meinamma

525 4097 665 4180 srutmm
678 4095 788 4160 cetae
799 4099 907 4162 Sancte
919 4100 1013 4162 Marte
1030 4098 1065 4161 de
1081 4098 1112 4162 lc
1129 4102 1248 4164 latina.

543 4283 621 4292 μὴ...
630 4284 649 4290 .-

572 4397 610 4470 (1)
628 4395 713 4456 Adest
727 4395 756 4452 in
767 4394 871 4454 bibliot.
889 4401 974 4456 senat.
988 4397 1134 4456 Panormit.
1151 4396 1217 4454 MSS
1234 4395 1268 4466 Q.
1282 4413 1312 4470 q.
1327 4395 1358 4454 1.
1373 4397 1418 4467 69,
1433 4411 1467 4452 ex
1480 4394 1557 4454 meh.
1569 4399 1686 4453 monuo
1698 4391 1728 4450 S.
1742 4389 1857 4464 Philippi
1867 4390 1949 4463 ogy-

536 4494 625 4552 rensis
637 4495 714 4568 copia
733 4493 863 4568 privilegii
881 4494 988 4552 tlennci
1007 4495 1057 4564 VI,
1075 4493 1131 4550 dati
1145 4494 1172 4550 io
1185 4493 1285 4567 palatio
1293 4491 1490 4565 Panormitano,
1502 4507 1565 4550 ann.
1576 4492 1681 4550 incarn.
1696 4489 1802 4548 Domin
1817 4485 1947 4556 11111111,

539 4593 632 4650 indict.
646 4593 719 4664 Xlll,
734 4592 783 4648 111ο
795 4592 847 4650 kal.
855 4593 969 4666 januarii
982 4593 1026 4667 (30
1034 4591 1156 4650 decemb.
1171 4589 1260 4662 1191),
1273 4607 1328 4648 nou
1337 4589 1534 4650 eodemordino
1544 4605 1577 4648 ac
1587 4590 1615 4648 iu
1627 4587 1767 4664 privilegio
1777 4583 1950 4644 Commutioe

537 4697 654 4762 servato,
668 4688 830 4763 quibusdam
844 4691 924 4750 etiam
937 4689 1043 4748 omissis
1055 4704 1104 4748 seu
1116 4688 1206 4746 miuus
1219 4695 1292 4748 recte
1304 4687 1481 4765 trausouptis.
